agg_trade_id,timestamp_utc,timestamp_ms,symbol,price,quantity,side,is_buyer_maker
3246151792,2026-04-11T13:12:06.579000,1775913126579,BTCUSDT,72533.2,0.149,SELL,True
3246151793,2026-04-11T13:12:06.636000,1775913126636,BTCUSDT,72533.3,0.002,BUY,False
3246151794,2026-04-11T13:12:06.666000,1775913126666,BTCUSDT,72533.2,0.242,SELL,True
3246151795,2026-04-11T13:12:06.769000,1775913126769,BTCUSDT,72533.3,1.35,BUY,False
3246151796,2026-04-11T13:12:06.960000,1775913126960,BTCUSDT,72533.3,0.15,BUY,False
3246151797,2026-04-11T13:12:07.027000,1775913127027,BTCUSDT,72533.2,0.137,SELL,True
3246151798,2026-04-11T13:12:07.137000,1775913127137,BTCUSDT,72533.3,0.311,BUY,False
3246151799,2026-04-11T13:12:07.270000,1775913127270,BTCUSDT,72533.3,0.088,BUY,False
3246151800,2026-04-11T13:12:07.413000,1775913127413,BTCUSDT,72533.2,0.125,SELL,True
3246151801,2026-04-11T13:12:07.563000,1775913127563,BTCUSDT,72533.3,0.413,BUY,False
3246151802,2026-04-11T13:12:07.777000,1775913127777,BTCUSDT,72533.2,0.001,SELL,True
3246151803,2026-04-11T13:12:07.986000,1775913127986,BTCUSDT,72533.3,0.029,BUY,False
3246151804,2026-04-11T13:12:08.002000,1775913128002,BTCUSDT,72533.2,0.03,SELL,True
3246151805,2026-04-11T13:12:08.061000,1775913128061,BTCUSDT,72533.3,3.941,BUY,False
3246151806,2026-04-11T13:12:08.061000,1775913128061,BTCUSDT,72533.4,0.005,BUY,False
3246151807,2026-04-11T13:12:08.061000,1775913128061,BTCUSDT,72533.5,0.731,BUY,False
3246151808,2026-04-11T13:12:08.061000,1775913128061,BTCUSDT,72533.9,0.002,BUY,False
3246151809,2026-04-11T13:12:08.061000,1775913128061,BTCUSDT,72534.0,0.002,BUY,False
3246151810,2026-04-11T13:12:08.061000,1775913128061,BTCUSDT,72534.1,0.254,BUY,False
3246151811,2026-04-11T13:12:08.061000,1775913128061,BTCUSDT,72534.2,0.03,BUY,False
3246151812,2026-04-11T13:12:08.061000,1775913128061,BTCUSDT,72534.3,0.3,BUY,False
3246151813,2026-04-11T13:12:08.061000,1775913128061,BTCUSDT,72534.5,0.003,BUY,False
3246151814,2026-04-11T13:12:08.061000,1775913128061,BTCUSDT,72534.6,0.002,BUY,False
3246151815,2026-04-11T13:12:08.061000,1775913128061,BTCUSDT,72534.7,0.004,BUY,False
3246151816,2026-04-11T13:12:08.061000,1775913128061,BTCUSDT,72534.8,0.122,BUY,False
3246151817,2026-04-11T13:12:08.061000,1775913128061,BTCUSDT,72534.9,0.008,BUY,False
3246151818,2026-04-11T13:12:08.061000,1775913128061,BTCUSDT,72535.0,0.595,BUY,False
3246151819,2026-04-11T13:12:08.061000,1775913128061,BTCUSDT,72535.1,0.001,BUY,False
3246151820,2026-04-11T13:12:08.061000,1775913128061,BTCUSDT,72535.3,0.001,BUY,False
3246151821,2026-04-11T13:12:08.061000,1775913128061,BTCUSDT,72535.4,0.005,BUY,False
3246151822,2026-04-11T13:12:08.061000,1775913128061,BTCUSDT,72535.6,0.002,BUY,False
3246151823,2026-04-11T13:12:08.061000,1775913128061,BTCUSDT,72535.7,0.002,BUY,False
3246151824,2026-04-11T13:12:08.061000,1775913128061,BTCUSDT,72535.9,0.116,BUY,False
3246151825,2026-04-11T13:12:08.061000,1775913128061,BTCUSDT,72536.0,0.367,BUY,False
3246151826,2026-04-11T13:12:08.061000,1775913128061,BTCUSDT,72536.1,0.001,BUY,False
3246151827,2026-04-11T13:12:08.061000,1775913128061,BTCUSDT,72536.2,0.004,BUY,False
3246151828,2026-04-11T13:12:08.061000,1775913128061,BTCUSDT,72536.4,0.032,BUY,False
3246151829,2026-04-11T13:12:08.061000,1775913128061,BTCUSDT,72536.5,0.003,BUY,False
3246151830,2026-04-11T13:12:08.061000,1775913128061,BTCUSDT,72536.6,0.003,BUY,False
3246151831,2026-04-11T13:12:08.061000,1775913128061,BTCUSDT,72536.8,0.117,BUY,False
3246151832,2026-04-11T13:12:08.061000,1775913128061,BTCUSDT,72536.9,0.005,BUY,False
3246151833,2026-04-11T13:12:08.061000,1775913128061,BTCUSDT,72537.1,0.148,BUY,False
3246151834,2026-04-11T13:12:08.061000,1775913128061,BTCUSDT,72537.2,0.002,BUY,False
3246151835,2026-04-11T13:12:08.061000,1775913128061,BTCUSDT,72537.3,0.001,BUY,False
3246151836,2026-04-11T13:12:08.061000,1775913128061,BTCUSDT,72537.5,0.004,BUY,False
3246151837,2026-04-11T13:12:08.061000,1775913128061,BTCUSDT,72537.7,0.113,BUY,False
3246151838,2026-04-11T13:12:08.061000,1775913128061,BTCUSDT,72537.8,0.003,BUY,False
3246151839,2026-04-11T13:12:08.061000,1775913128061,BTCUSDT,72538.1,0.001,BUY,False
3246151840,2026-04-11T13:12:08.061000,1775913128061,BTCUSDT,72538.2,0.004,BUY,False
3246151841,2026-04-11T13:12:08.061000,1775913128061,BTCUSDT,72538.3,0.006,BUY,False
3246151842,2026-04-11T13:12:08.061000,1775913128061,BTCUSDT,72538.4,0.01,BUY,False
3246151843,2026-04-11T13:12:08.061000,1775913128061,BTCUSDT,72538.5,0.032,BUY,False
3246151844,2026-04-11T13:12:08.061000,1775913128061,BTCUSDT,72538.6,0.113,BUY,False
3246151845,2026-04-11T13:12:08.061000,1775913128061,BTCUSDT,72538.9,2.206,BUY,False
3246151846,2026-04-11T13:12:08.061000,1775913128061,BTCUSDT,72539.0,0.023,BUY,False
3246151847,2026-04-11T13:12:08.061000,1775913128061,BTCUSDT,72539.1,0.001,BUY,False
3246151848,2026-04-11T13:12:08.061000,1775913128061,BTCUSDT,72539.2,0.03,BUY,False
3246151849,2026-04-11T13:12:08.061000,1775913128061,BTCUSDT,72539.3,0.012,BUY,False
3246151850,2026-04-11T13:12:08.061000,1775913128061,BTCUSDT,72539.4,0.111,BUY,False
3246151851,2026-04-11T13:12:08.061000,1775913128061,BTCUSDT,72539.5,0.291,BUY,False
3246151852,2026-04-11T13:12:08.061000,1775913128061,BTCUSDT,72539.6,0.002,BUY,False
3246151853,2026-04-11T13:12:08.061000,1775913128061,BTCUSDT,72539.7,0.255,BUY,False
3246151854,2026-04-11T13:12:08.061000,1775913128061,BTCUSDT,72539.8,0.005,BUY,False
3246151855,2026-04-11T13:12:08.061000,1775913128061,BTCUSDT,72539.9,1.07,BUY,False
3246151856,2026-04-11T13:12:08.061000,1775913128061,BTCUSDT,72540.0,0.083,BUY,False
3246151857,2026-04-11T13:12:08.061000,1775913128061,BTCUSDT,72540.1,2.302,BUY,False
3246151858,2026-04-11T13:12:08.061000,1775913128061,BTCUSDT,72540.2,0.009,BUY,False
3246151859,2026-04-11T13:12:08.061000,1775913128061,BTCUSDT,72540.3,0.111,BUY,False
3246151860,2026-04-11T13:12:08.061000,1775913128061,BTCUSDT,72540.4,0.004,BUY,False
3246151861,2026-04-11T13:12:08.061000,1775913128061,BTCUSDT,72540.5,0.012,BUY,False
3246151862,2026-04-11T13:12:08.061000,1775913128061,BTCUSDT,72540.6,0.04,BUY,False
3246151863,2026-04-11T13:12:08.061000,1775913128061,BTCUSDT,72540.7,0.006,BUY,False
3246151864,2026-04-11T13:12:08.061000,1775913128061,BTCUSDT,72540.8,0.001,BUY,False
3246151865,2026-04-11T13:12:08.061000,1775913128061,BTCUSDT,72540.9,0.008,BUY,False
3246151866,2026-04-11T13:12:08.061000,1775913128061,BTCUSDT,72541.0,0.007,BUY,False
3246151867,2026-04-11T13:12:08.061000,1775913128061,BTCUSDT,72541.1,0.114,BUY,False
3246151868,2026-04-11T13:12:08.061000,1775913128061,BTCUSDT,72541.2,0.001,BUY,False
3246151869,2026-04-11T13:12:08.061000,1775913128061,BTCUSDT,72541.3,0.003,BUY,False
3246151870,2026-04-11T13:12:08.061000,1775913128061,BTCUSDT,72541.6,0.003,BUY,False
3246151871,2026-04-11T13:12:08.061000,1775913128061,BTCUSDT,72541.7,0.001,BUY,False
3246151872,2026-04-11T13:12:08.061000,1775913128061,BTCUSDT,72541.8,0.13,BUY,False
3246151873,2026-04-11T13:12:08.061000,1775913128061,BTCUSDT,72541.9,0.115,BUY,False
3246151874,2026-04-11T13:12:08.062000,1775913128062,BTCUSDT,72542.1,0.035,BUY,False
3246151875,2026-04-11T13:12:08.062000,1775913128062,BTCUSDT,72542.3,0.172,BUY,False
3246151876,2026-04-11T13:12:08.062000,1775913128062,BTCUSDT,72542.4,0.005,BUY,False
3246151877,2026-04-11T13:12:08.062000,1775913128062,BTCUSDT,72542.5,0.008,BUY,False
3246151878,2026-04-11T13:12:08.062000,1775913128062,BTCUSDT,72542.6,0.034,BUY,False
3246151879,2026-04-11T13:12:08.062000,1775913128062,BTCUSDT,72542.7,0.005,BUY,False
3246151880,2026-04-11T13:12:08.062000,1775913128062,BTCUSDT,72542.8,0.628,BUY,False
3246151881,2026-04-11T13:12:08.062000,1775913128062,BTCUSDT,72542.9,0.431,BUY,False
3246151882,2026-04-11T13:12:08.062000,1775913128062,BTCUSDT,72543.2,0.001,BUY,False
3246151883,2026-04-11T13:12:08.062000,1775913128062,BTCUSDT,72543.3,0.003,BUY,False
3246151884,2026-04-11T13:12:08.062000,1775913128062,BTCUSDT,72543.4,0.397,BUY,False
3246151885,2026-04-11T13:12:08.062000,1775913128062,BTCUSDT,72543.5,0.012,BUY,False
3246151886,2026-04-11T13:12:08.062000,1775913128062,BTCUSDT,72543.6,0.132,BUY,False
3246151887,2026-04-11T13:12:08.062000,1775913128062,BTCUSDT,72543.7,0.259,BUY,False
3246151888,2026-04-11T13:12:08.062000,1775913128062,BTCUSDT,72543.8,0.068,BUY,False
3246151889,2026-04-11T13:12:08.062000,1775913128062,BTCUSDT,72543.9,0.006,BUY,False
3246151890,2026-04-11T13:12:08.062000,1775913128062,BTCUSDT,72544.0,0.002,BUY,False
3246151891,2026-04-11T13:12:08.062000,1775913128062,BTCUSDT,72544.4,0.206,BUY,False
3246151892,2026-04-11T13:12:08.062000,1775913128062,BTCUSDT,72544.5,0.001,BUY,False
3246151893,2026-04-11T13:12:08.062000,1775913128062,BTCUSDT,72544.6,0.005,BUY,False
3246151894,2026-04-11T13:12:08.062000,1775913128062,BTCUSDT,72544.8,0.005,BUY,False
3246151895,2026-04-11T13:12:08.062000,1775913128062,BTCUSDT,72545.0,0.257,BUY,False
3246151896,2026-04-11T13:12:08.062000,1775913128062,BTCUSDT,72545.1,0.01,BUY,False
3246151897,2026-04-11T13:12:08.062000,1775913128062,BTCUSDT,72545.2,0.001,BUY,False
3246151898,2026-04-11T13:12:08.062000,1775913128062,BTCUSDT,72545.3,0.094,BUY,False
3246151899,2026-04-11T13:12:08.062000,1775913128062,BTCUSDT,72545.4,0.104,BUY,False
3246151900,2026-04-11T13:12:08.062000,1775913128062,BTCUSDT,72545.5,0.103,BUY,False
3246151901,2026-04-11T13:12:08.062000,1775913128062,BTCUSDT,72545.6,0.006,BUY,False
3246151902,2026-04-11T13:12:08.062000,1775913128062,BTCUSDT,72545.7,0.283,BUY,False
3246151903,2026-04-11T13:12:08.062000,1775913128062,BTCUSDT,72545.8,0.002,BUY,False
3246151904,2026-04-11T13:12:08.062000,1775913128062,BTCUSDT,72545.9,0.121,BUY,False
3246151905,2026-04-11T13:12:08.062000,1775913128062,BTCUSDT,72546.0,0.15,BUY,False
3246151906,2026-04-11T13:12:08.062000,1775913128062,BTCUSDT,72546.1,0.101,BUY,False
3246151907,2026-04-11T13:12:08.062000,1775913128062,BTCUSDT,72546.2,0.092,BUY,False
3246151908,2026-04-11T13:12:08.062000,1775913128062,BTCUSDT,72546.3,0.1,BUY,False
3246151909,2026-04-11T13:12:08.062000,1775913128062,BTCUSDT,72546.4,2.777,BUY,False
3246151910,2026-04-11T13:12:08.062000,1775913128062,BTCUSDT,72546.7,0.25,BUY,False
3246151911,2026-04-11T13:12:08.062000,1775913128062,BTCUSDT,72546.8,1.875,BUY,False
3246151912,2026-04-11T13:12:08.062000,1775913128062,BTCUSDT,72546.9,0.009,BUY,False
3246151913,2026-04-11T13:12:08.062000,1775913128062,BTCUSDT,72547.0,0.667,BUY,False
3246151914,2026-04-11T13:12:08.062000,1775913128062,BTCUSDT,72547.1,0.277,BUY,False
3246151915,2026-04-11T13:12:08.062000,1775913128062,BTCUSDT,72547.2,0.029,BUY,False
3246151916,2026-04-11T13:12:08.062000,1775913128062,BTCUSDT,72547.3,0.005,BUY,False
3246151917,2026-04-11T13:12:08.062000,1775913128062,BTCUSDT,72547.4,0.402,BUY,False
3246151918,2026-04-11T13:12:08.062000,1775913128062,BTCUSDT,72547.5,0.003,BUY,False
3246151919,2026-04-11T13:12:08.062000,1775913128062,BTCUSDT,72547.6,0.043,BUY,False
3246151920,2026-04-11T13:12:08.062000,1775913128062,BTCUSDT,72547.8,0.003,BUY,False
3246151921,2026-04-11T13:12:08.062000,1775913128062,BTCUSDT,72548.0,0.008,BUY,False
3246151922,2026-04-11T13:12:08.062000,1775913128062,BTCUSDT,72548.1,0.082,BUY,False
3246151923,2026-04-11T13:12:08.062000,1775913128062,BTCUSDT,72548.3,0.007,BUY,False
3246151924,2026-04-11T13:12:08.062000,1775913128062,BTCUSDT,72548.5,0.001,BUY,False
3246151925,2026-04-11T13:12:08.062000,1775913128062,BTCUSDT,72548.6,0.007,BUY,False
3246151926,2026-04-11T13:12:08.062000,1775913128062,BTCUSDT,72548.7,0.006,BUY,False
3246151927,2026-04-11T13:12:08.062000,1775913128062,BTCUSDT,72548.8,0.692,BUY,False
3246151928,2026-04-11T13:12:08.062000,1775913128062,BTCUSDT,72548.9,0.006,BUY,False
3246151929,2026-04-11T13:12:08.062000,1775913128062,BTCUSDT,72549.0,0.005,BUY,False
3246151930,2026-04-11T13:12:08.062000,1775913128062,BTCUSDT,72549.1,0.003,BUY,False
3246151931,2026-04-11T13:12:08.062000,1775913128062,BTCUSDT,72549.4,0.002,BUY,False
3246151932,2026-04-11T13:12:08.062000,1775913128062,BTCUSDT,72549.5,0.29,BUY,False
3246151933,2026-04-11T13:12:08.062000,1775913128062,BTCUSDT,72549.6,0.005,BUY,False
3246151934,2026-04-11T13:12:08.062000,1775913128062,BTCUSDT,72549.7,0.006,BUY,False
3246151935,2026-04-11T13:12:08.062000,1775913128062,BTCUSDT,72549.8,0.28,BUY,False
3246151936,2026-04-11T13:12:08.062000,1775913128062,BTCUSDT,72549.9,0.012,BUY,False
3246151937,2026-04-11T13:12:08.062000,1775913128062,BTCUSDT,72550.0,0.697,BUY,False
3246151938,2026-04-11T13:12:08.062000,1775913128062,BTCUSDT,72550.1,0.006,BUY,False
3246151939,2026-04-11T13:12:08.062000,1775913128062,BTCUSDT,72550.2,0.107,BUY,False
3246151940,2026-04-11T13:12:08.062000,1775913128062,BTCUSDT,72550.3,0.634,BUY,False
3246151941,2026-04-11T13:12:08.062000,1775913128062,BTCUSDT,72550.4,0.065,BUY,False
3246151942,2026-04-11T13:12:08.062000,1775913128062,BTCUSDT,72550.5,0.137,BUY,False
3246151943,2026-04-11T13:12:08.062000,1775913128062,BTCUSDT,72550.6,0.007,BUY,False
3246151944,2026-04-11T13:12:08.062000,1775913128062,BTCUSDT,72550.7,1.766,BUY,False
3246151945,2026-04-11T13:12:08.062000,1775913128062,BTCUSDT,72550.8,0.007,BUY,False
3246151946,2026-04-11T13:12:08.062000,1775913128062,BTCUSDT,72550.9,0.005,BUY,False
3246151947,2026-04-11T13:12:08.062000,1775913128062,BTCUSDT,72551.0,0.002,BUY,False
3246151948,2026-04-11T13:12:08.062000,1775913128062,BTCUSDT,72551.1,0.397,BUY,False
3246151949,2026-04-11T13:12:08.062000,1775913128062,BTCUSDT,72551.3,0.004,BUY,False
3246151950,2026-04-11T13:12:08.066000,1775913128066,BTCUSDT,72551.4,0.008,BUY,False
3246151951,2026-04-11T13:12:08.066000,1775913128066,BTCUSDT,72551.5,0.013,BUY,False
3246151952,2026-04-11T13:12:08.066000,1775913128066,BTCUSDT,72551.6,0.418,BUY,False
3246151953,2026-04-11T13:12:08.075000,1775913128075,BTCUSDT,72551.7,0.009,BUY,False
3246151954,2026-04-11T13:12:08.075000,1775913128075,BTCUSDT,72551.8,0.101,BUY,False
3246151955,2026-04-11T13:12:08.075000,1775913128075,BTCUSDT,72552.0,0.041,BUY,False
3246151956,2026-04-11T13:12:08.075000,1775913128075,BTCUSDT,72552.2,1.225,BUY,False
3246151957,2026-04-11T13:12:08.075000,1775913128075,BTCUSDT,72552.3,0.059,BUY,False
3246151958,2026-04-11T13:12:08.075000,1775913128075,BTCUSDT,72552.4,0.002,BUY,False
3246151959,2026-04-11T13:12:08.075000,1775913128075,BTCUSDT,72552.6,0.004,BUY,False
3246151960,2026-04-11T13:12:08.075000,1775913128075,BTCUSDT,72552.7,0.006,BUY,False
3246151961,2026-04-11T13:12:08.075000,1775913128075,BTCUSDT,72552.8,0.002,BUY,False
3246151962,2026-04-11T13:12:08.075000,1775913128075,BTCUSDT,72552.9,0.005,BUY,False
3246151963,2026-04-11T13:12:08.075000,1775913128075,BTCUSDT,72553.0,0.005,BUY,False
3246151964,2026-04-11T13:12:08.075000,1775913128075,BTCUSDT,72553.1,0.194,BUY,False
3246151965,2026-04-11T13:12:08.075000,1775913128075,BTCUSDT,72553.3,0.008,BUY,False
3246151966,2026-04-11T13:12:08.075000,1775913128075,BTCUSDT,72553.4,0.002,BUY,False
3246151967,2026-04-11T13:12:08.075000,1775913128075,BTCUSDT,72553.5,0.013,BUY,False
3246151968,2026-04-11T13:12:08.075000,1775913128075,BTCUSDT,72553.6,0.626,BUY,False
3246151969,2026-04-11T13:12:08.075000,1775913128075,BTCUSDT,72553.7,0.006,BUY,False
3246151970,2026-04-11T13:12:08.075000,1775913128075,BTCUSDT,72553.8,0.036,BUY,False
3246151971,2026-04-11T13:12:08.075000,1775913128075,BTCUSDT,72554.1,0.003,BUY,False
3246151972,2026-04-11T13:12:08.075000,1775913128075,BTCUSDT,72554.2,0.019,BUY,False
3246151973,2026-04-11T13:12:08.075000,1775913128075,BTCUSDT,72554.4,0.041,BUY,False
3246151974,2026-04-11T13:12:08.075000,1775913128075,BTCUSDT,72554.5,0.041,BUY,False
3246151975,2026-04-11T13:12:08.075000,1775913128075,BTCUSDT,72554.6,0.002,BUY,False
3246151976,2026-04-11T13:12:08.075000,1775913128075,BTCUSDT,72554.8,0.657,BUY,False
3246151977,2026-04-11T13:12:08.075000,1775913128075,BTCUSDT,72554.9,0.002,BUY,False
3246151978,2026-04-11T13:12:08.075000,1775913128075,BTCUSDT,72555.0,0.589,BUY,False
3246151979,2026-04-11T13:12:08.075000,1775913128075,BTCUSDT,72555.1,0.024,BUY,False
3246151980,2026-04-11T13:12:08.075000,1775913128075,BTCUSDT,72555.3,0.055,BUY,False
3246151981,2026-04-11T13:12:08.075000,1775913128075,BTCUSDT,72555.4,0.103,BUY,False
3246151982,2026-04-11T13:12:08.075000,1775913128075,BTCUSDT,72555.5,0.003,BUY,False
3246151983,2026-04-11T13:12:08.075000,1775913128075,BTCUSDT,72555.7,0.002,BUY,False
3246151984,2026-04-11T13:12:08.075000,1775913128075,BTCUSDT,72555.8,0.292,BUY,False
3246151985,2026-04-11T13:12:08.075000,1775913128075,BTCUSDT,72555.9,0.002,BUY,False
3246151986,2026-04-11T13:12:08.075000,1775913128075,BTCUSDT,72556.0,0.011,BUY,False
3246151987,2026-04-11T13:12:08.075000,1775913128075,BTCUSDT,72556.1,0.003,BUY,False
3246151988,2026-04-11T13:12:08.075000,1775913128075,BTCUSDT,72556.2,0.139,BUY,False
3246151989,2026-04-11T13:12:08.075000,1775913128075,BTCUSDT,72556.3,0.275,BUY,False
3246151990,2026-04-11T13:12:08.075000,1775913128075,BTCUSDT,72556.4,0.008,BUY,False
3246151991,2026-04-11T13:12:08.075000,1775913128075,BTCUSDT,72556.5,0.228,BUY,False
3246151992,2026-04-11T13:12:08.075000,1775913128075,BTCUSDT,72556.7,0.074,BUY,False
3246151993,2026-04-11T13:12:08.075000,1775913128075,BTCUSDT,72556.8,0.014,BUY,False
3246151994,2026-04-11T13:12:08.075000,1775913128075,BTCUSDT,72556.9,0.139,BUY,False
3246151995,2026-04-11T13:12:08.075000,1775913128075,BTCUSDT,72557.0,0.013,BUY,False
3246151996,2026-04-11T13:12:08.075000,1775913128075,BTCUSDT,72557.1,0.401,BUY,False
3246151997,2026-04-11T13:12:08.075000,1775913128075,BTCUSDT,72557.2,0.14,BUY,False
3246151998,2026-04-11T13:12:08.075000,1775913128075,BTCUSDT,72557.3,0.607,BUY,False
3246151999,2026-04-11T13:12:08.075000,1775913128075,BTCUSDT,72557.5,0.002,BUY,False
3246152000,2026-04-11T13:12:08.075000,1775913128075,BTCUSDT,72557.6,0.035,BUY,False
3246152001,2026-04-11T13:12:08.075000,1775913128075,BTCUSDT,72557.7,0.314,BUY,False
3246152002,2026-04-11T13:12:08.075000,1775913128075,BTCUSDT,72557.8,0.005,BUY,False
3246152003,2026-04-11T13:12:08.075000,1775913128075,BTCUSDT,72557.9,0.057,BUY,False
3246152004,2026-04-11T13:12:08.075000,1775913128075,BTCUSDT,72558.0,0.011,BUY,False
3246152005,2026-04-11T13:12:08.075000,1775913128075,BTCUSDT,72558.1,0.082,BUY,False
3246152006,2026-04-11T13:12:08.075000,1775913128075,BTCUSDT,72558.2,0.006,BUY,False
3246152007,2026-04-11T13:12:08.075000,1775913128075,BTCUSDT,72558.3,0.041,BUY,False
3246152008,2026-04-11T13:12:08.075000,1775913128075,BTCUSDT,72558.4,0.012,BUY,False
3246152009,2026-04-11T13:12:08.075000,1775913128075,BTCUSDT,72558.5,0.651,BUY,False
3246152010,2026-04-11T13:12:08.075000,1775913128075,BTCUSDT,72558.6,0.004,BUY,False
3246152011,2026-04-11T13:12:08.075000,1775913128075,BTCUSDT,72558.8,0.005,BUY,False
3246152012,2026-04-11T13:12:08.075000,1775913128075,BTCUSDT,72558.9,0.001,BUY,False
3246152013,2026-04-11T13:12:08.075000,1775913128075,BTCUSDT,72559.1,0.013,BUY,False
3246152014,2026-04-11T13:12:08.075000,1775913128075,BTCUSDT,72559.2,0.002,BUY,False
3246152015,2026-04-11T13:12:08.075000,1775913128075,BTCUSDT,72559.3,0.002,BUY,False
3246152016,2026-04-11T13:12:08.075000,1775913128075,BTCUSDT,72559.4,0.002,BUY,False
3246152017,2026-04-11T13:12:08.075000,1775913128075,BTCUSDT,72559.5,0.168,BUY,False
3246152018,2026-04-11T13:12:08.075000,1775913128075,BTCUSDT,72559.6,0.118,BUY,False
3246152019,2026-04-11T13:12:08.075000,1775913128075,BTCUSDT,72559.7,0.002,BUY,False
3246152020,2026-04-11T13:12:08.076000,1775913128076,BTCUSDT,72559.8,5.745,BUY,False
3246152021,2026-04-11T13:12:08.076000,1775913128076,BTCUSDT,72559.9,0.034,BUY,False
3246152022,2026-04-11T13:12:08.076000,1775913128076,BTCUSDT,72560.0,0.022,BUY,False
3246152023,2026-04-11T13:12:08.076000,1775913128076,BTCUSDT,72560.1,0.003,BUY,False
3246152024,2026-04-11T13:12:08.076000,1775913128076,BTCUSDT,72560.2,0.002,BUY,False
3246152025,2026-04-11T13:12:08.076000,1775913128076,BTCUSDT,72560.3,0.002,BUY,False
3246152026,2026-04-11T13:12:08.076000,1775913128076,BTCUSDT,72560.4,0.1,BUY,False
3246152027,2026-04-11T13:12:08.076000,1775913128076,BTCUSDT,72560.5,0.005,BUY,False
3246152028,2026-04-11T13:12:08.076000,1775913128076,BTCUSDT,72560.6,0.269,BUY,False
3246152029,2026-04-11T13:12:08.076000,1775913128076,BTCUSDT,72560.7,0.013,BUY,False
3246152030,2026-04-11T13:12:08.076000,1775913128076,BTCUSDT,72560.8,1.193,BUY,False
3246152031,2026-04-11T13:12:08.076000,1775913128076,BTCUSDT,72560.9,0.005,BUY,False
3246152032,2026-04-11T13:12:08.076000,1775913128076,BTCUSDT,72561.0,0.006,BUY,False
3246152033,2026-04-11T13:12:08.076000,1775913128076,BTCUSDT,72561.1,0.003,BUY,False
3246152034,2026-04-11T13:12:08.076000,1775913128076,BTCUSDT,72561.3,0.01,BUY,False
3246152035,2026-04-11T13:12:08.076000,1775913128076,BTCUSDT,72561.4,0.073,BUY,False
3246152036,2026-04-11T13:12:08.076000,1775913128076,BTCUSDT,72561.6,0.008,BUY,False
3246152037,2026-04-11T13:12:08.076000,1775913128076,BTCUSDT,72561.7,0.004,BUY,False
3246152038,2026-04-11T13:12:08.076000,1775913128076,BTCUSDT,72561.8,0.011,BUY,False
3246152039,2026-04-11T13:12:08.076000,1775913128076,BTCUSDT,72562.0,0.012,BUY,False
3246152040,2026-04-11T13:12:08.076000,1775913128076,BTCUSDT,72562.2,0.396,BUY,False
3246152041,2026-04-11T13:12:08.076000,1775913128076,BTCUSDT,72562.3,0.012,BUY,False
3246152042,2026-04-11T13:12:08.076000,1775913128076,BTCUSDT,72562.5,0.007,BUY,False
3246152043,2026-04-11T13:12:08.076000,1775913128076,BTCUSDT,72562.6,0.003,BUY,False
3246152044,2026-04-11T13:12:08.076000,1775913128076,BTCUSDT,72562.9,8.318,BUY,False
3246152045,2026-04-11T13:12:08.076000,1775913128076,BTCUSDT,72563.0,0.004,BUY,False
3246152046,2026-04-11T13:12:08.076000,1775913128076,BTCUSDT,72563.1,0.002,BUY,False
3246152047,2026-04-11T13:12:08.076000,1775913128076,BTCUSDT,72563.2,0.007,BUY,False
3246152048,2026-04-11T13:12:08.076000,1775913128076,BTCUSDT,72563.3,0.002,BUY,False
3246152049,2026-04-11T13:12:08.076000,1775913128076,BTCUSDT,72563.4,0.033,BUY,False
3246152050,2026-04-11T13:12:08.076000,1775913128076,BTCUSDT,72563.5,0.003,BUY,False
3246152051,2026-04-11T13:12:08.076000,1775913128076,BTCUSDT,72563.6,0.003,BUY,False
3246152052,2026-04-11T13:12:08.076000,1775913128076,BTCUSDT,72563.8,0.002,BUY,False
3246152053,2026-04-11T13:12:08.076000,1775913128076,BTCUSDT,72563.9,0.003,BUY,False
3246152054,2026-04-11T13:12:08.076000,1775913128076,BTCUSDT,72564.0,0.002,BUY,False
3246152055,2026-04-11T13:12:08.076000,1775913128076,BTCUSDT,72564.1,0.002,BUY,False
3246152056,2026-04-11T13:12:08.076000,1775913128076,BTCUSDT,72564.2,0.003,BUY,False
3246152057,2026-04-11T13:12:08.076000,1775913128076,BTCUSDT,72564.3,0.003,BUY,False
3246152058,2026-04-11T13:12:08.076000,1775913128076,BTCUSDT,72564.4,0.899,BUY,False
3246152059,2026-04-11T13:12:08.076000,1775913128076,BTCUSDT,72564.5,0.004,BUY,False
3246152060,2026-04-11T13:12:08.076000,1775913128076,BTCUSDT,72564.6,0.257,BUY,False
3246152061,2026-04-11T13:12:08.076000,1775913128076,BTCUSDT,72564.7,0.33,BUY,False
3246152062,2026-04-11T13:12:08.076000,1775913128076,BTCUSDT,72564.8,0.007,BUY,False
3246152063,2026-04-11T13:12:08.076000,1775913128076,BTCUSDT,72564.9,0.015,BUY,False
3246152064,2026-04-11T13:12:08.076000,1775913128076,BTCUSDT,72565.0,0.003,BUY,False
3246152065,2026-04-11T13:12:08.076000,1775913128076,BTCUSDT,72565.2,0.054,BUY,False
3246152066,2026-04-11T13:12:08.076000,1775913128076,BTCUSDT,72565.3,0.019,BUY,False
3246152067,2026-04-11T13:12:08.076000,1775913128076,BTCUSDT,72565.4,0.399,BUY,False
3246152068,2026-04-11T13:12:08.076000,1775913128076,BTCUSDT,72565.5,0.006,BUY,False
3246152069,2026-04-11T13:12:08.076000,1775913128076,BTCUSDT,72565.6,0.006,BUY,False
3246152070,2026-04-11T13:12:08.076000,1775913128076,BTCUSDT,72565.7,0.003,BUY,False
3246152071,2026-04-11T13:12:08.076000,1775913128076,BTCUSDT,72565.8,0.041,BUY,False
3246152072,2026-04-11T13:12:08.076000,1775913128076,BTCUSDT,72565.9,0.396,BUY,False
3246152073,2026-04-11T13:12:08.076000,1775913128076,BTCUSDT,72566.1,0.005,BUY,False
3246152074,2026-04-11T13:12:08.076000,1775913128076,BTCUSDT,72566.2,0.011,BUY,False
3246152075,2026-04-11T13:12:08.076000,1775913128076,BTCUSDT,72566.3,0.1,BUY,False
3246152076,2026-04-11T13:12:08.076000,1775913128076,BTCUSDT,72566.4,0.005,BUY,False
3246152077,2026-04-11T13:12:08.076000,1775913128076,BTCUSDT,72566.6,0.451,BUY,False
3246152078,2026-04-11T13:12:08.076000,1775913128076,BTCUSDT,72566.7,0.864,BUY,False
3246152079,2026-04-11T13:12:08.076000,1775913128076,BTCUSDT,72566.8,0.497,BUY,False
3246152080,2026-04-11T13:12:08.076000,1775913128076,BTCUSDT,72566.9,0.04,BUY,False
3246152081,2026-04-11T13:12:08.076000,1775913128076,BTCUSDT,72567.0,2.614,BUY,False
3246152082,2026-04-11T13:12:08.076000,1775913128076,BTCUSDT,72567.1,0.343,BUY,False
3246152083,2026-04-11T13:12:08.076000,1775913128076,BTCUSDT,72567.5,0.012,BUY,False
3246152084,2026-04-11T13:12:08.076000,1775913128076,BTCUSDT,72567.6,0.499,BUY,False
3246152085,2026-04-11T13:12:08.076000,1775913128076,BTCUSDT,72567.7,0.047,BUY,False
3246152086,2026-04-11T13:12:08.076000,1775913128076,BTCUSDT,72567.8,0.081,BUY,False
3246152087,2026-04-11T13:12:08.076000,1775913128076,BTCUSDT,72567.9,0.003,BUY,False
3246152088,2026-04-11T13:12:08.076000,1775913128076,BTCUSDT,72568.0,0.006,BUY,False
3246152089,2026-04-11T13:12:08.076000,1775913128076,BTCUSDT,72568.1,1.01,BUY,False
3246152090,2026-04-11T13:12:08.076000,1775913128076,BTCUSDT,72568.2,0.437,BUY,False
3246152091,2026-04-11T13:12:08.076000,1775913128076,BTCUSDT,72568.3,0.519,BUY,False
3246152092,2026-04-11T13:12:08.076000,1775913128076,BTCUSDT,72568.4,0.442,BUY,False
3246152093,2026-04-11T13:12:08.076000,1775913128076,BTCUSDT,72568.5,0.002,BUY,False
3246152094,2026-04-11T13:12:08.076000,1775913128076,BTCUSDT,72568.6,0.003,BUY,False
3246152095,2026-04-11T13:12:08.076000,1775913128076,BTCUSDT,72568.8,0.026,BUY,False
3246152096,2026-04-11T13:12:08.076000,1775913128076,BTCUSDT,72569.0,0.002,BUY,False
3246152097,2026-04-11T13:12:08.076000,1775913128076,BTCUSDT,72569.2,0.442,BUY,False
3246152098,2026-04-11T13:12:08.076000,1775913128076,BTCUSDT,72569.3,0.005,BUY,False
3246152099,2026-04-11T13:12:08.076000,1775913128076,BTCUSDT,72569.4,1.734,BUY,False
3246152100,2026-04-11T13:12:08.076000,1775913128076,BTCUSDT,72569.5,0.001,BUY,False
3246152101,2026-04-11T13:12:08.076000,1775913128076,BTCUSDT,72569.6,0.396,BUY,False
3246152102,2026-04-11T13:12:08.076000,1775913128076,BTCUSDT,72569.8,0.002,BUY,False
3246152103,2026-04-11T13:12:08.076000,1775913128076,BTCUSDT,72569.9,0.405,BUY,False
3246152104,2026-04-11T13:12:08.076000,1775913128076,BTCUSDT,72570.0,0.012,BUY,False
3246152105,2026-04-11T13:12:08.076000,1775913128076,BTCUSDT,72570.1,0.001,BUY,False
3246152106,2026-04-11T13:12:08.076000,1775913128076,BTCUSDT,72570.3,0.398,BUY,False
3246152107,2026-04-11T13:12:08.076000,1775913128076,BTCUSDT,72570.5,0.005,BUY,False
3246152108,2026-04-11T13:12:08.076000,1775913128076,BTCUSDT,72570.6,0.004,BUY,False
3246152109,2026-04-11T13:12:08.076000,1775913128076,BTCUSDT,72570.7,0.004,BUY,False
3246152110,2026-04-11T13:12:08.076000,1775913128076,BTCUSDT,72570.9,0.002,BUY,False
3246152111,2026-04-11T13:12:08.076000,1775913128076,BTCUSDT,72571.0,0.33,BUY,False
3246152112,2026-04-11T13:12:08.076000,1775913128076,BTCUSDT,72571.1,0.001,BUY,False
3246152113,2026-04-11T13:12:08.076000,1775913128076,BTCUSDT,72571.2,0.003,BUY,False
3246152114,2026-04-11T13:12:08.076000,1775913128076,BTCUSDT,72571.3,0.258,BUY,False
3246152115,2026-04-11T13:12:08.076000,1775913128076,BTCUSDT,72571.4,0.002,BUY,False
3246152116,2026-04-11T13:12:08.076000,1775913128076,BTCUSDT,72571.5,0.34,BUY,False
3246152117,2026-04-11T13:12:08.076000,1775913128076,BTCUSDT,72571.6,0.003,BUY,False
3246152118,2026-04-11T13:12:08.076000,1775913128076,BTCUSDT,72571.7,0.002,BUY,False
3246152119,2026-04-11T13:12:08.076000,1775913128076,BTCUSDT,72571.8,0.833,BUY,False
3246152120,2026-04-11T13:12:08.076000,1775913128076,BTCUSDT,72571.9,0.762,BUY,False
3246152121,2026-04-11T13:12:08.076000,1775913128076,BTCUSDT,72572.0,0.005,BUY,False
3246152122,2026-04-11T13:12:08.076000,1775913128076,BTCUSDT,72572.2,0.014,BUY,False
3246152123,2026-04-11T13:12:08.076000,1775913128076,BTCUSDT,72572.3,0.003,BUY,False
3246152124,2026-04-11T13:12:08.076000,1775913128076,BTCUSDT,72572.4,0.004,BUY,False
3246152125,2026-04-11T13:12:08.076000,1775913128076,BTCUSDT,72572.5,0.396,BUY,False
3246152126,2026-04-11T13:12:08.076000,1775913128076,BTCUSDT,72572.6,0.002,BUY,False
3246152127,2026-04-11T13:12:08.076000,1775913128076,BTCUSDT,72572.8,0.006,BUY,False
3246152128,2026-04-11T13:12:08.076000,1775913128076,BTCUSDT,72572.9,0.003,BUY,False
3246152129,2026-04-11T13:12:08.076000,1775913128076,BTCUSDT,72573.0,0.555,BUY,False
3246152130,2026-04-11T13:12:08.076000,1775913128076,BTCUSDT,72573.1,0.119,BUY,False
3246152131,2026-04-11T13:12:08.076000,1775913128076,BTCUSDT,72573.3,0.399,BUY,False
3246152132,2026-04-11T13:12:08.076000,1775913128076,BTCUSDT,72573.5,0.003,BUY,False
3246152133,2026-04-11T13:12:08.076000,1775913128076,BTCUSDT,72573.6,0.008,BUY,False
3246152134,2026-04-11T13:12:08.077000,1775913128077,BTCUSDT,72573.7,0.005,BUY,False
3246152135,2026-04-11T13:12:08.077000,1775913128077,BTCUSDT,72573.9,0.329,BUY,False
3246152136,2026-04-11T13:12:08.077000,1775913128077,BTCUSDT,72574.0,0.398,BUY,False
3246152137,2026-04-11T13:12:08.077000,1775913128077,BTCUSDT,72574.1,0.038,BUY,False
3246152138,2026-04-11T13:12:08.077000,1775913128077,BTCUSDT,72574.2,0.011,BUY,False
3246152139,2026-04-11T13:12:08.077000,1775913128077,BTCUSDT,72574.3,0.006,BUY,False
3246152140,2026-04-11T13:12:08.077000,1775913128077,BTCUSDT,72574.4,0.334,BUY,False
3246152141,2026-04-11T13:12:08.077000,1775913128077,BTCUSDT,72574.7,0.018,BUY,False
3246152142,2026-04-11T13:12:08.077000,1775913128077,BTCUSDT,72574.8,0.002,BUY,False
3246152143,2026-04-11T13:12:08.077000,1775913128077,BTCUSDT,72574.9,0.394,BUY,False
3246152144,2026-04-11T13:12:08.077000,1775913128077,BTCUSDT,72575.0,0.006,BUY,False
3246152145,2026-04-11T13:12:08.077000,1775913128077,BTCUSDT,72575.2,0.002,BUY,False
3246152146,2026-04-11T13:12:08.077000,1775913128077,BTCUSDT,72575.3,0.026,BUY,False
3246152147,2026-04-11T13:12:08.077000,1775913128077,BTCUSDT,72575.5,0.832,BUY,False
3246152148,2026-04-11T13:12:08.077000,1775913128077,BTCUSDT,72575.6,0.003,BUY,False
3246152149,2026-04-11T13:12:08.077000,1775913128077,BTCUSDT,72575.8,0.004,BUY,False
3246152150,2026-04-11T13:12:08.077000,1775913128077,BTCUSDT,72576.0,0.012,BUY,False
3246152151,2026-04-11T13:12:08.077000,1775913128077,BTCUSDT,72576.1,0.007,BUY,False
3246152152,2026-04-11T13:12:08.077000,1775913128077,BTCUSDT,72576.2,0.002,BUY,False
3246152153,2026-04-11T13:12:08.077000,1775913128077,BTCUSDT,72576.3,0.002,BUY,False
3246152154,2026-04-11T13:12:08.077000,1775913128077,BTCUSDT,72576.4,0.691,BUY,False
3246152155,2026-04-11T13:12:08.077000,1775913128077,BTCUSDT,72576.6,0.552,BUY,False
3246152156,2026-04-11T13:12:08.078000,1775913128078,BTCUSDT,72576.8,0.006,BUY,False
3246152157,2026-04-11T13:12:08.078000,1775913128078,BTCUSDT,72577.0,0.012,BUY,False
3246152158,2026-04-11T13:12:08.080000,1775913128080,BTCUSDT,72550.7,0.002,BUY,False
3246152159,2026-04-11T13:12:08.082000,1775913128082,BTCUSDT,72576.9,0.01,BUY,False
3246152160,2026-04-11T13:12:08.083000,1775913128083,BTCUSDT,72550.6,0.002,BUY,False
3246152161,2026-04-11T13:12:08.083000,1775913128083,BTCUSDT,72576.9,0.402,BUY,False
3246152162,2026-04-11T13:12:08.087000,1775913128087,BTCUSDT,72577.1,0.116,BUY,False
3246152163,2026-04-11T13:12:08.089000,1775913128089,BTCUSDT,72576.3,0.002,SELL,True
3246152164,2026-04-11T13:12:08.090000,1775913128090,BTCUSDT,72577.1,0.02,BUY,False
3246152165,2026-04-11T13:12:08.091000,1775913128091,BTCUSDT,72577.0,0.396,BUY,False
3246152166,2026-04-11T13:12:08.092000,1775913128092,BTCUSDT,72576.3,3.529,SELL,True
3246152167,2026-04-11T13:12:08.092000,1775913128092,BTCUSDT,72574.3,0.47,SELL,True
3246152168,2026-04-11T13:12:08.092000,1775913128092,BTCUSDT,72572.8,3.571,SELL,True
3246152169,2026-04-11T13:12:08.092000,1775913128092,BTCUSDT,72572.0,3.459,SELL,True
3246152170,2026-04-11T13:12:08.092000,1775913128092,BTCUSDT,72577.0,0.001,BUY,False
3246152171,2026-04-11T13:12:08.092000,1775913128092,BTCUSDT,72577.2,0.111,BUY,False
3246152172,2026-04-11T13:12:08.097000,1775913128097,BTCUSDT,72577.1,0.003,BUY,False
3246152173,2026-04-11T13:12:08.097000,1775913128097,BTCUSDT,72577.2,0.01,BUY,False
3246152174,2026-04-11T13:12:08.099000,1775913128099,BTCUSDT,72573.3,0.002,BUY,False
3246152175,2026-04-11T13:12:08.099000,1775913128099,BTCUSDT,72576.8,0.011,BUY,False
3246152176,2026-04-11T13:12:08.104000,1775913128104,BTCUSDT,72577.2,0.02,BUY,False
3246152177,2026-04-11T13:12:08.104000,1775913128104,BTCUSDT,72577.4,0.017,BUY,False
3246152178,2026-04-11T13:12:08.104000,1775913128104,BTCUSDT,72577.7,0.041,BUY,False
3246152179,2026-04-11T13:12:08.104000,1775913128104,BTCUSDT,72577.8,0.021,BUY,False
3246152180,2026-04-11T13:12:08.104000,1775913128104,BTCUSDT,72577.9,0.17,BUY,False
3246152181,2026-04-11T13:12:08.116000,1775913128116,BTCUSDT,72578.0,6.488,BUY,False
3246152182,2026-04-11T13:12:08.116000,1775913128116,BTCUSDT,72578.1,0.029,BUY,False
3246152183,2026-04-11T13:12:08.116000,1775913128116,BTCUSDT,72578.2,0.004,BUY,False
3246152184,2026-04-11T13:12:08.116000,1775913128116,BTCUSDT,72578.4,0.003,BUY,False
3246152185,2026-04-11T13:12:08.116000,1775913128116,BTCUSDT,72578.5,0.363,BUY,False
3246152186,2026-04-11T13:12:08.116000,1775913128116,BTCUSDT,72579.0,0.012,BUY,False
3246152187,2026-04-11T13:12:08.116000,1775913128116,BTCUSDT,72579.1,0.005,BUY,False
3246152188,2026-04-11T13:12:08.116000,1775913128116,BTCUSDT,72579.3,0.002,BUY,False
3246152189,2026-04-11T13:12:08.116000,1775913128116,BTCUSDT,72579.4,0.396,BUY,False
3246152190,2026-04-11T13:12:08.116000,1775913128116,BTCUSDT,72579.5,0.002,BUY,False
3246152191,2026-04-11T13:12:08.116000,1775913128116,BTCUSDT,72579.6,0.004,BUY,False
3246152192,2026-04-11T13:12:08.116000,1775913128116,BTCUSDT,72579.8,0.005,BUY,False
3246152193,2026-04-11T13:12:08.116000,1775913128116,BTCUSDT,72579.9,0.002,BUY,False
3246152194,2026-04-11T13:12:08.116000,1775913128116,BTCUSDT,72580.0,0.066,BUY,False
3246152195,2026-04-11T13:12:08.116000,1775913128116,BTCUSDT,72580.1,0.013,BUY,False
3246152196,2026-04-11T13:12:08.116000,1775913128116,BTCUSDT,72580.2,0.003,BUY,False
3246152197,2026-04-11T13:12:08.116000,1775913128116,BTCUSDT,72580.3,0.002,BUY,False
3246152198,2026-04-11T13:12:08.116000,1775913128116,BTCUSDT,72580.5,0.002,BUY,False
3246152199,2026-04-11T13:12:08.116000,1775913128116,BTCUSDT,72580.6,0.003,BUY,False
3246152200,2026-04-11T13:12:08.116000,1775913128116,BTCUSDT,72580.7,0.002,BUY,False
3246152201,2026-04-11T13:12:08.116000,1775913128116,BTCUSDT,72580.8,0.379,BUY,False
3246152202,2026-04-11T13:12:08.116000,1775913128116,BTCUSDT,72580.9,0.064,BUY,False
3246152203,2026-04-11T13:12:08.116000,1775913128116,BTCUSDT,72581.1,0.03,BUY,False
3246152204,2026-04-11T13:12:08.116000,1775913128116,BTCUSDT,72581.2,0.163,BUY,False
3246152205,2026-04-11T13:12:08.116000,1775913128116,BTCUSDT,72581.3,0.036,BUY,False
3246152206,2026-04-11T13:12:08.116000,1775913128116,BTCUSDT,72581.4,0.082,BUY,False
3246152207,2026-04-11T13:12:08.116000,1775913128116,BTCUSDT,72581.6,0.007,BUY,False
3246152208,2026-04-11T13:12:08.116000,1775913128116,BTCUSDT,72581.7,0.004,BUY,False
3246152209,2026-04-11T13:12:08.116000,1775913128116,BTCUSDT,72581.8,0.007,BUY,False
3246152210,2026-04-11T13:12:08.116000,1775913128116,BTCUSDT,72582.0,0.004,BUY,False
3246152211,2026-04-11T13:12:08.116000,1775913128116,BTCUSDT,72582.1,0.361,BUY,False
3246152212,2026-04-11T13:12:08.116000,1775913128116,BTCUSDT,72582.3,0.313,BUY,False
3246152213,2026-04-11T13:12:08.116000,1775913128116,BTCUSDT,72582.4,1.586,BUY,False
3246152214,2026-04-11T13:12:08.118000,1775913128118,BTCUSDT,72582.5,0.016,BUY,False
3246152215,2026-04-11T13:12:08.118000,1775913128118,BTCUSDT,72582.7,0.004,BUY,False
3246152216,2026-04-11T13:12:08.118000,1775913128118,BTCUSDT,72582.9,0.002,BUY,False
3246152217,2026-04-11T13:12:08.118000,1775913128118,BTCUSDT,72583.2,0.005,BUY,False
3246152218,2026-04-11T13:12:08.118000,1775913128118,BTCUSDT,72583.5,0.377,BUY,False
3246152219,2026-04-11T13:12:08.118000,1775913128118,BTCUSDT,72583.7,0.003,BUY,False
3246152220,2026-04-11T13:12:08.118000,1775913128118,BTCUSDT,72583.8,0.016,BUY,False
3246152221,2026-04-11T13:12:08.118000,1775913128118,BTCUSDT,72584.0,0.002,BUY,False
3246152222,2026-04-11T13:12:08.118000,1775913128118,BTCUSDT,72584.5,0.259,BUY,False
3246152223,2026-04-11T13:12:08.118000,1775913128118,BTCUSDT,72584.6,0.113,BUY,False
3246152224,2026-04-11T13:12:08.118000,1775913128118,BTCUSDT,72584.7,0.029,BUY,False
3246152225,2026-04-11T13:12:08.118000,1775913128118,BTCUSDT,72584.9,0.066,BUY,False
3246152226,2026-04-11T13:12:08.118000,1775913128118,BTCUSDT,72585.0,0.003,BUY,False
3246152227,2026-04-11T13:12:08.118000,1775913128118,BTCUSDT,72585.1,0.022,BUY,False
3246152228,2026-04-11T13:12:08.118000,1775913128118,BTCUSDT,72585.3,0.004,BUY,False
3246152229,2026-04-11T13:12:08.118000,1775913128118,BTCUSDT,72585.4,0.111,BUY,False
3246152230,2026-04-11T13:12:08.118000,1775913128118,BTCUSDT,72585.9,0.021,BUY,False
3246152231,2026-04-11T13:12:08.118000,1775913128118,BTCUSDT,72586.2,0.005,BUY,False
3246152232,2026-04-11T13:12:08.118000,1775913128118,BTCUSDT,72586.3,0.436,BUY,False
3246152233,2026-04-11T13:12:08.118000,1775913128118,BTCUSDT,72586.4,0.006,BUY,False
3246152234,2026-04-11T13:12:08.118000,1775913128118,BTCUSDT,72586.6,0.406,BUY,False
3246152235,2026-04-11T13:12:08.118000,1775913128118,BTCUSDT,72586.8,0.008,BUY,False
3246152236,2026-04-11T13:12:08.119000,1775913128119,BTCUSDT,72587.2,0.017,BUY,False
3246152237,2026-04-11T13:12:08.119000,1775913128119,BTCUSDT,72587.3,0.003,BUY,False
3246152238,2026-04-11T13:12:08.119000,1775913128119,BTCUSDT,72587.5,0.028,BUY,False
3246152239,2026-04-11T13:12:08.119000,1775913128119,BTCUSDT,72587.6,0.003,BUY,False
3246152240,2026-04-11T13:12:08.119000,1775913128119,BTCUSDT,72587.7,0.015,BUY,False
3246152241,2026-04-11T13:12:08.119000,1775913128119,BTCUSDT,72587.8,0.01,BUY,False
3246152242,2026-04-11T13:12:08.119000,1775913128119,BTCUSDT,72587.9,0.396,BUY,False
3246152243,2026-04-11T13:12:08.119000,1775913128119,BTCUSDT,72588.0,1.269,BUY,False
3246152244,2026-04-11T13:12:08.119000,1775913128119,BTCUSDT,72588.1,0.211,BUY,False
3246152245,2026-04-11T13:12:08.119000,1775913128119,BTCUSDT,72588.4,0.005,BUY,False
3246152246,2026-04-11T13:12:08.119000,1775913128119,BTCUSDT,72588.5,0.003,BUY,False
3246152247,2026-04-11T13:12:08.119000,1775913128119,BTCUSDT,72588.6,0.072,BUY,False
3246152248,2026-04-11T13:12:08.119000,1775913128119,BTCUSDT,72588.7,0.113,BUY,False
3246152249,2026-04-11T13:12:08.119000,1775913128119,BTCUSDT,72588.9,0.004,BUY,False
3246152250,2026-04-11T13:12:08.119000,1775913128119,BTCUSDT,72589.0,0.004,BUY,False
3246152251,2026-04-11T13:12:08.119000,1775913128119,BTCUSDT,72589.2,0.008,BUY,False
3246152252,2026-04-11T13:12:08.119000,1775913128119,BTCUSDT,72589.4,0.33,BUY,False
3246152253,2026-04-11T13:12:08.119000,1775913128119,BTCUSDT,72589.5,0.002,BUY,False
3246152254,2026-04-11T13:12:08.119000,1775913128119,BTCUSDT,72589.6,0.002,BUY,False
3246152255,2026-04-11T13:12:08.119000,1775913128119,BTCUSDT,72589.7,0.002,BUY,False
3246152256,2026-04-11T13:12:08.119000,1775913128119,BTCUSDT,72589.9,0.005,BUY,False
3246152257,2026-04-11T13:12:08.119000,1775913128119,BTCUSDT,72590.0,0.006,BUY,False
3246152258,2026-04-11T13:12:08.119000,1775913128119,BTCUSDT,72590.1,0.065,BUY,False
3246152259,2026-04-11T13:12:08.119000,1775913128119,BTCUSDT,72590.2,0.002,BUY,False
3246152260,2026-04-11T13:12:08.119000,1775913128119,BTCUSDT,72590.4,0.002,BUY,False
3246152261,2026-04-11T13:12:08.119000,1775913128119,BTCUSDT,72590.5,0.018,BUY,False
3246152262,2026-04-11T13:12:08.119000,1775913128119,BTCUSDT,72590.6,0.002,BUY,False
3246152263,2026-04-11T13:12:08.119000,1775913128119,BTCUSDT,72590.8,0.002,BUY,False
3246152264,2026-04-11T13:12:08.119000,1775913128119,BTCUSDT,72590.9,0.004,BUY,False
3246152265,2026-04-11T13:12:08.119000,1775913128119,BTCUSDT,72591.0,0.063,BUY,False
3246152266,2026-04-11T13:12:08.119000,1775913128119,BTCUSDT,72591.1,0.396,BUY,False
3246152267,2026-04-11T13:12:08.119000,1775913128119,BTCUSDT,72591.2,0.044,BUY,False
3246152268,2026-04-11T13:12:08.119000,1775913128119,BTCUSDT,72591.3,0.003,BUY,False
3246152269,2026-04-11T13:12:08.119000,1775913128119,BTCUSDT,72591.4,0.011,BUY,False
3246152270,2026-04-11T13:12:08.119000,1775913128119,BTCUSDT,72591.7,0.007,BUY,False
3246152271,2026-04-11T13:12:08.119000,1775913128119,BTCUSDT,72592.0,0.002,BUY,False
3246152272,2026-04-11T13:12:08.119000,1775913128119,BTCUSDT,72592.2,0.075,BUY,False
3246152273,2026-04-11T13:12:08.119000,1775913128119,BTCUSDT,72592.6,0.019,BUY,False
3246152274,2026-04-11T13:12:08.119000,1775913128119,BTCUSDT,72592.7,0.004,BUY,False
3246152275,2026-04-11T13:12:08.119000,1775913128119,BTCUSDT,72592.8,0.002,BUY,False
3246152276,2026-04-11T13:12:08.119000,1775913128119,BTCUSDT,72592.9,0.004,BUY,False
3246152277,2026-04-11T13:12:08.120000,1775913128120,BTCUSDT,72593.1,0.002,BUY,False
3246152278,2026-04-11T13:12:08.120000,1775913128120,BTCUSDT,72593.2,0.173,BUY,False
3246152279,2026-04-11T13:12:08.120000,1775913128120,BTCUSDT,72593.4,0.002,BUY,False
3246152280,2026-04-11T13:12:08.120000,1775913128120,BTCUSDT,72593.5,0.004,BUY,False
3246152281,2026-04-11T13:12:08.120000,1775913128120,BTCUSDT,72593.6,0.003,BUY,False
3246152282,2026-04-11T13:12:08.120000,1775913128120,BTCUSDT,72593.9,0.004,BUY,False
3246152283,2026-04-11T13:12:08.120000,1775913128120,BTCUSDT,72594.0,0.002,BUY,False
3246152284,2026-04-11T13:12:08.120000,1775913128120,BTCUSDT,72594.1,0.268,BUY,False
3246152285,2026-04-11T13:12:08.120000,1775913128120,BTCUSDT,72594.3,0.007,BUY,False
3246152286,2026-04-11T13:12:08.120000,1775913128120,BTCUSDT,72594.4,0.006,BUY,False
3246152287,2026-04-11T13:12:08.120000,1775913128120,BTCUSDT,72594.5,0.002,BUY,False
3246152288,2026-04-11T13:12:08.120000,1775913128120,BTCUSDT,72594.6,0.258,BUY,False
3246152289,2026-04-11T13:12:08.120000,1775913128120,BTCUSDT,72594.7,0.002,BUY,False
3246152290,2026-04-11T13:12:08.120000,1775913128120,BTCUSDT,72594.8,0.035,BUY,False
3246152291,2026-04-11T13:12:08.120000,1775913128120,BTCUSDT,72595.0,0.005,BUY,False
3246152292,2026-04-11T13:12:08.120000,1775913128120,BTCUSDT,72595.2,0.002,BUY,False
3246152293,2026-04-11T13:12:08.120000,1775913128120,BTCUSDT,72595.6,0.002,BUY,False
3246152294,2026-04-11T13:12:08.120000,1775913128120,BTCUSDT,72595.8,0.002,BUY,False
3246152295,2026-04-11T13:12:08.120000,1775913128120,BTCUSDT,72595.9,0.104,BUY,False
3246152296,2026-04-11T13:12:08.120000,1775913128120,BTCUSDT,72596.0,0.258,BUY,False
3246152297,2026-04-11T13:12:08.120000,1775913128120,BTCUSDT,72596.1,0.019,BUY,False
3246152298,2026-04-11T13:12:08.120000,1775913128120,BTCUSDT,72596.4,0.002,BUY,False
3246152299,2026-04-11T13:12:08.120000,1775913128120,BTCUSDT,72596.6,0.002,BUY,False
3246152300,2026-04-11T13:12:08.120000,1775913128120,BTCUSDT,72596.7,0.002,BUY,False
3246152301,2026-04-11T13:12:08.120000,1775913128120,BTCUSDT,72596.8,0.412,BUY,False
3246152302,2026-04-11T13:12:08.120000,1775913128120,BTCUSDT,72597.0,0.142,BUY,False
3246152303,2026-04-11T13:12:08.120000,1775913128120,BTCUSDT,72597.1,0.002,BUY,False
3246152304,2026-04-11T13:12:08.120000,1775913128120,BTCUSDT,72597.2,0.002,BUY,False
3246152305,2026-04-11T13:12:08.120000,1775913128120,BTCUSDT,72597.4,0.613,BUY,False
3246152306,2026-04-11T13:12:08.120000,1775913128120,BTCUSDT,72597.6,0.004,BUY,False
3246152307,2026-04-11T13:12:08.120000,1775913128120,BTCUSDT,72597.7,4.071,BUY,False
3246152308,2026-04-11T13:12:08.122000,1775913128122,BTCUSDT,72581.8,0.041,BUY,False
3246152309,2026-04-11T13:12:08.123000,1775913128123,BTCUSDT,72580.7,0.317,BUY,False
3246152310,2026-04-11T13:12:08.125000,1775913128125,BTCUSDT,72579.8,0.013,BUY,False
3246152311,2026-04-11T13:12:08.127000,1775913128127,BTCUSDT,72577.6,0.002,SELL,True
3246152312,2026-04-11T13:12:08.128000,1775913128128,BTCUSDT,72578.4,0.007,SELL,True
3246152313,2026-04-11T13:12:08.134000,1775913128134,BTCUSDT,72578.5,0.118,BUY,False
3246152314,2026-04-11T13:12:08.144000,1775913128144,BTCUSDT,72578.4,0.543,SELL,True
3246152315,2026-04-11T13:12:08.146000,1775913128146,BTCUSDT,72578.5,1.47,BUY,False
3246152316,2026-04-11T13:12:08.150000,1775913128150,BTCUSDT,72578.4,0.013,SELL,True
3246152317,2026-04-11T13:12:08.152000,1775913128152,BTCUSDT,72578.5,1.218,BUY,False
3246152318,2026-04-11T13:12:08.157000,1775913128157,BTCUSDT,72578.4,0.004,SELL,True
3246152319,2026-04-11T13:12:08.160000,1775913128160,BTCUSDT,72578.5,0.664,BUY,False
3246152320,2026-04-11T13:12:08.166000,1775913128166,BTCUSDT,72578.4,0.02,SELL,True
3246152321,2026-04-11T13:12:08.173000,1775913128173,BTCUSDT,72578.5,0.16,BUY,False
3246152322,2026-04-11T13:12:08.180000,1775913128180,BTCUSDT,72578.4,0.094,SELL,True
3246152323,2026-04-11T13:12:08.192000,1775913128192,BTCUSDT,72578.5,0.042,BUY,False
3246152324,2026-04-11T13:12:08.195000,1775913128195,BTCUSDT,72578.4,0.163,SELL,True
3246152325,2026-04-11T13:12:08.196000,1775913128196,BTCUSDT,72578.5,0.009,BUY,False
3246152326,2026-04-11T13:12:08.197000,1775913128197,BTCUSDT,72578.4,0.004,SELL,True
3246152327,2026-04-11T13:12:08.199000,1775913128199,BTCUSDT,72578.5,0.013,BUY,False
3246152328,2026-04-11T13:12:08.200000,1775913128200,BTCUSDT,72578.4,6.387,SELL,True
3246152329,2026-04-11T13:12:08.200000,1775913128200,BTCUSDT,72578.4,0.011,BUY,False
3246152330,2026-04-11T13:12:08.201000,1775913128201,BTCUSDT,72578.3,0.227,SELL,True
3246152331,2026-04-11T13:12:08.203000,1775913128203,BTCUSDT,72578.4,0.04,BUY,False
3246152332,2026-04-11T13:12:08.204000,1775913128204,BTCUSDT,72578.0,0.017,SELL,True
3246152333,2026-04-11T13:12:08.205000,1775913128205,BTCUSDT,72578.4,1.255,BUY,False
3246152334,2026-04-11T13:12:08.212000,1775913128212,BTCUSDT,72578.3,0.011,SELL,True
3246152335,2026-04-11T13:12:08.212000,1775913128212,BTCUSDT,72578.0,0.002,SELL,True
3246152336,2026-04-11T13:12:08.212000,1775913128212,BTCUSDT,72577.9,0.239,SELL,True
3246152337,2026-04-11T13:12:08.220000,1775913128220,BTCUSDT,72578.4,0.014,BUY,False
3246152338,2026-04-11T13:12:08.228000,1775913128228,BTCUSDT,72578.3,0.004,SELL,True
3246152339,2026-04-11T13:12:08.228000,1775913128228,BTCUSDT,72578.0,0.026,SELL,True
3246152340,2026-04-11T13:12:08.229000,1775913128229,BTCUSDT,72577.9,1.696,SELL,True
3246152341,2026-04-11T13:12:08.236000,1775913128236,BTCUSDT,72578.0,0.14,BUY,False
3246152342,2026-04-11T13:12:08.238000,1775913128238,BTCUSDT,72577.9,0.085,SELL,True
3246152343,2026-04-11T13:12:08.238000,1775913128238,BTCUSDT,72577.8,0.006,SELL,True
3246152344,2026-04-11T13:12:08.241000,1775913128241,BTCUSDT,72578.0,0.02,BUY,False
3246152345,2026-04-11T13:12:08.241000,1775913128241,BTCUSDT,72577.9,0.104,BUY,False
3246152346,2026-04-11T13:12:08.244000,1775913128244,BTCUSDT,72577.8,0.828,SELL,True
3246152347,2026-04-11T13:12:08.244000,1775913128244,BTCUSDT,72577.7,0.857,SELL,True
3246152348,2026-04-11T13:12:08.245000,1775913128245,BTCUSDT,72577.6,0.074,SELL,True
3246152349,2026-04-11T13:12:08.245000,1775913128245,BTCUSDT,72577.5,0.001,SELL,True
3246152350,2026-04-11T13:12:08.245000,1775913128245,BTCUSDT,72577.4,0.036,SELL,True
3246152351,2026-04-11T13:12:08.245000,1775913128245,BTCUSDT,72577.2,0.002,SELL,True
3246152352,2026-04-11T13:12:08.245000,1775913128245,BTCUSDT,72577.1,1.957,SELL,True
3246152353,2026-04-11T13:12:08.258000,1775913128258,BTCUSDT,72577.2,0.207,BUY,False
3246152354,2026-04-11T13:12:08.263000,1775913128263,BTCUSDT,72577.1,0.047,BUY,False
3246152355,2026-04-11T13:12:08.264000,1775913128264,BTCUSDT,72577.0,0.168,SELL,True
3246152356,2026-04-11T13:12:08.264000,1775913128264,BTCUSDT,72576.9,0.162,SELL,True
3246152357,2026-04-11T13:12:08.264000,1775913128264,BTCUSDT,72576.8,0.002,SELL,True
3246152358,2026-04-11T13:12:08.264000,1775913128264,BTCUSDT,72576.6,0.003,SELL,True
3246152359,2026-04-11T13:12:08.264000,1775913128264,BTCUSDT,72576.5,0.002,SELL,True
3246152360,2026-04-11T13:12:08.264000,1775913128264,BTCUSDT,72576.3,0.071,SELL,True
3246152361,2026-04-11T13:12:08.264000,1775913128264,BTCUSDT,72576.2,0.001,SELL,True
3246152362,2026-04-11T13:12:08.264000,1775913128264,BTCUSDT,72576.1,0.002,SELL,True
3246152363,2026-04-11T13:12:08.264000,1775913128264,BTCUSDT,72576.0,0.005,SELL,True
3246152364,2026-04-11T13:12:08.264000,1775913128264,BTCUSDT,72575.8,0.006,SELL,True
3246152365,2026-04-11T13:12:08.268000,1775913128268,BTCUSDT,72576.0,0.002,SELL,True
3246152366,2026-04-11T13:12:08.268000,1775913128268,BTCUSDT,72575.6,0.007,SELL,True
3246152367,2026-04-11T13:12:08.269000,1775913128269,BTCUSDT,72575.5,0.001,SELL,True
3246152368,2026-04-11T13:12:08.269000,1775913128269,BTCUSDT,72575.4,0.001,SELL,True
3246152369,2026-04-11T13:12:08.269000,1775913128269,BTCUSDT,72575.2,0.001,SELL,True
3246152370,2026-04-11T13:12:08.269000,1775913128269,BTCUSDT,72575.0,0.003,SELL,True
3246152371,2026-04-11T13:12:08.269000,1775913128269,BTCUSDT,72574.6,0.002,SELL,True
3246152372,2026-04-11T13:12:08.269000,1775913128269,BTCUSDT,72574.4,0.002,SELL,True
3246152373,2026-04-11T13:12:08.269000,1775913128269,BTCUSDT,72574.0,0.001,SELL,True
3246152374,2026-04-11T13:12:08.269000,1775913128269,BTCUSDT,72573.6,0.01,SELL,True
3246152375,2026-04-11T13:12:08.269000,1775913128269,BTCUSDT,72573.5,0.002,SELL,True
3246152376,2026-04-11T13:12:08.269000,1775913128269,BTCUSDT,72573.3,0.236,SELL,True
3246152377,2026-04-11T13:12:08.271000,1775913128271,BTCUSDT,72573.1,0.014,SELL,True
3246152378,2026-04-11T13:12:08.272000,1775913128272,BTCUSDT,72573.0,0.001,SELL,True
3246152379,2026-04-11T13:12:08.272000,1775913128272,BTCUSDT,72572.4,0.003,SELL,True
3246152380,2026-04-11T13:12:08.272000,1775913128272,BTCUSDT,72572.0,0.002,SELL,True
3246152381,2026-04-11T13:12:08.272000,1775913128272,BTCUSDT,72571.9,0.003,SELL,True
3246152382,2026-04-11T13:12:08.272000,1775913128272,BTCUSDT,72571.7,0.001,SELL,True
3246152383,2026-04-11T13:12:08.272000,1775913128272,BTCUSDT,72571.6,0.002,SELL,True
3246152384,2026-04-11T13:12:08.273000,1775913128273,BTCUSDT,72573.2,0.003,SELL,True
3246152385,2026-04-11T13:12:08.273000,1775913128273,BTCUSDT,72572.1,0.003,SELL,True
3246152386,2026-04-11T13:12:08.273000,1775913128273,BTCUSDT,72571.4,0.002,SELL,True
3246152387,2026-04-11T13:12:08.273000,1775913128273,BTCUSDT,72571.3,0.002,SELL,True
3246152388,2026-04-11T13:12:08.274000,1775913128274,BTCUSDT,72571.2,0.001,SELL,True
3246152389,2026-04-11T13:12:08.274000,1775913128274,BTCUSDT,72571.1,0.035,SELL,True
3246152390,2026-04-11T13:12:08.276000,1775913128276,BTCUSDT,72570.9,0.002,SELL,True
3246152391,2026-04-11T13:12:08.276000,1775913128276,BTCUSDT,72570.7,0.002,SELL,True
3246152392,2026-04-11T13:12:08.276000,1775913128276,BTCUSDT,72570.6,0.002,SELL,True
3246152393,2026-04-11T13:12:08.276000,1775913128276,BTCUSDT,72570.4,0.003,SELL,True
3246152394,2026-04-11T13:12:08.276000,1775913128276,BTCUSDT,72570.3,0.02,SELL,True
3246152395,2026-04-11T13:12:08.276000,1775913128276,BTCUSDT,72570.2,0.002,SELL,True
3246152396,2026-04-11T13:12:08.276000,1775913128276,BTCUSDT,72570.0,0.003,SELL,True
3246152397,2026-04-11T13:12:08.276000,1775913128276,BTCUSDT,72569.9,0.002,SELL,True
3246152398,2026-04-11T13:12:08.276000,1775913128276,BTCUSDT,72569.8,0.001,SELL,True
3246152399,2026-04-11T13:12:08.277000,1775913128277,BTCUSDT,72569.7,0.046,SELL,True
3246152400,2026-04-11T13:12:08.277000,1775913128277,BTCUSDT,72575.1,0.016,BUY,False
3246152401,2026-04-11T13:12:08.281000,1775913128281,BTCUSDT,72569.7,0.377,SELL,True
3246152402,2026-04-11T13:12:08.286000,1775913128286,BTCUSDT,72569.6,0.196,SELL,True
3246152403,2026-04-11T13:12:08.286000,1775913128286,BTCUSDT,72569.3,0.002,SELL,True
3246152404,2026-04-11T13:12:08.286000,1775913128286,BTCUSDT,72569.2,0.011,SELL,True
3246152405,2026-04-11T13:12:08.286000,1775913128286,BTCUSDT,72569.1,0.006,SELL,True
3246152406,2026-04-11T13:12:08.286000,1775913128286,BTCUSDT,72569.0,0.005,SELL,True
3246152407,2026-04-11T13:12:08.286000,1775913128286,BTCUSDT,72568.8,0.002,SELL,True
3246152408,2026-04-11T13:12:08.286000,1775913128286,BTCUSDT,72568.5,0.001,SELL,True
3246152409,2026-04-11T13:12:08.286000,1775913128286,BTCUSDT,72568.3,0.002,SELL,True
3246152410,2026-04-11T13:12:08.286000,1775913128286,BTCUSDT,72568.1,0.002,SELL,True
3246152411,2026-04-11T13:12:08.286000,1775913128286,BTCUSDT,72568.0,0.005,SELL,True
3246152412,2026-04-11T13:12:08.286000,1775913128286,BTCUSDT,72567.9,0.001,SELL,True
3246152413,2026-04-11T13:12:08.286000,1775913128286,BTCUSDT,72567.8,0.002,SELL,True
3246152414,2026-04-11T13:12:08.286000,1775913128286,BTCUSDT,72567.7,0.004,SELL,True
3246152415,2026-04-11T13:12:08.286000,1775913128286,BTCUSDT,72567.5,0.003,SELL,True
3246152416,2026-04-11T13:12:08.286000,1775913128286,BTCUSDT,72567.2,0.001,SELL,True
3246152417,2026-04-11T13:12:08.286000,1775913128286,BTCUSDT,72567.0,0.002,SELL,True
3246152418,2026-04-11T13:12:08.286000,1775913128286,BTCUSDT,72566.9,0.002,SELL,True
3246152419,2026-04-11T13:12:08.286000,1775913128286,BTCUSDT,72566.6,0.003,SELL,True
3246152420,2026-04-11T13:12:08.286000,1775913128286,BTCUSDT,72566.1,0.002,SELL,True
3246152421,2026-04-11T13:12:08.286000,1775913128286,BTCUSDT,72566.0,0.008,SELL,True
3246152422,2026-04-11T13:12:08.286000,1775913128286,BTCUSDT,72565.9,0.001,SELL,True
3246152423,2026-04-11T13:12:08.286000,1775913128286,BTCUSDT,72565.8,0.004,SELL,True
3246152424,2026-04-11T13:12:08.286000,1775913128286,BTCUSDT,72565.5,0.003,SELL,True
3246152425,2026-04-11T13:12:08.286000,1775913128286,BTCUSDT,72565.3,0.007,SELL,True
3246152426,2026-04-11T13:12:08.287000,1775913128287,BTCUSDT,72571.2,0.003,SELL,True
3246152427,2026-04-11T13:12:08.297000,1775913128297,BTCUSDT,72569.6,1.15,SELL,True
3246152428,2026-04-11T13:12:08.321000,1775913128321,BTCUSDT,72568.1,0.002,SELL,True
3246152429,2026-04-11T13:12:08.321000,1775913128321,BTCUSDT,72567.3,0.002,SELL,True
3246152430,2026-04-11T13:12:08.321000,1775913128321,BTCUSDT,72567.0,0.002,SELL,True
3246152431,2026-04-11T13:12:08.321000,1775913128321,BTCUSDT,72566.6,0.002,SELL,True
3246152432,2026-04-11T13:12:08.321000,1775913128321,BTCUSDT,72566.4,0.001,SELL,True
3246152433,2026-04-11T13:12:08.321000,1775913128321,BTCUSDT,72565.9,0.004,SELL,True
3246152434,2026-04-11T13:12:08.322000,1775913128322,BTCUSDT,72565.4,0.002,SELL,True
3246152435,2026-04-11T13:12:08.322000,1775913128322,BTCUSDT,72565.3,0.011,SELL,True
3246152436,2026-04-11T13:12:08.322000,1775913128322,BTCUSDT,72565.2,5.635,SELL,True
3246152437,2026-04-11T13:12:08.397000,1775913128397,BTCUSDT,72565.0,0.004,SELL,True
3246152438,2026-04-11T13:12:08.397000,1775913128397,BTCUSDT,72564.7,0.002,SELL,True
3246152439,2026-04-11T13:12:08.397000,1775913128397,BTCUSDT,72564.4,0.003,SELL,True
3246152440,2026-04-11T13:12:08.397000,1775913128397,BTCUSDT,72564.0,0.004,SELL,True
3246152441,2026-04-11T13:12:08.397000,1775913128397,BTCUSDT,72563.9,0.002,SELL,True
3246152442,2026-04-11T13:12:08.397000,1775913128397,BTCUSDT,72563.7,0.003,SELL,True
3246152443,2026-04-11T13:12:08.397000,1775913128397,BTCUSDT,72563.6,0.006,SELL,True
3246152444,2026-04-11T13:12:08.397000,1775913128397,BTCUSDT,72563.4,0.001,SELL,True
3246152445,2026-04-11T13:12:08.397000,1775913128397,BTCUSDT,72563.3,0.002,SELL,True
3246152446,2026-04-11T13:12:08.397000,1775913128397,BTCUSDT,72563.2,0.002,SELL,True
3246152447,2026-04-11T13:12:08.397000,1775913128397,BTCUSDT,72562.9,0.003,SELL,True
3246152448,2026-04-11T13:12:08.397000,1775913128397,BTCUSDT,72562.7,0.002,SELL,True
3246152449,2026-04-11T13:12:08.397000,1775913128397,BTCUSDT,72562.6,0.002,SELL,True
3246152450,2026-04-11T13:12:08.397000,1775913128397,BTCUSDT,72562.5,0.005,SELL,True
3246152451,2026-04-11T13:12:08.397000,1775913128397,BTCUSDT,72562.1,0.003,SELL,True
3246152452,2026-04-11T13:12:08.397000,1775913128397,BTCUSDT,72561.9,0.005,SELL,True
3246152453,2026-04-11T13:12:08.397000,1775913128397,BTCUSDT,72561.6,0.005,SELL,True
3246152454,2026-04-11T13:12:08.397000,1775913128397,BTCUSDT,72561.5,0.002,SELL,True
3246152455,2026-04-11T13:12:08.397000,1775913128397,BTCUSDT,72561.4,0.003,SELL,True
3246152456,2026-04-11T13:12:08.397000,1775913128397,BTCUSDT,72561.3,0.047,SELL,True
3246152457,2026-04-11T13:12:08.422000,1775913128422,BTCUSDT,72561.4,0.05,BUY,False
3246152458,2026-04-11T13:12:08.427000,1775913128427,BTCUSDT,72561.3,0.007,SELL,True
3246152459,2026-04-11T13:12:08.430000,1775913128430,BTCUSDT,72561.4,0.021,BUY,False
3246152460,2026-04-11T13:12:08.434000,1775913128434,BTCUSDT,72561.3,0.03,SELL,True
3246152461,2026-04-11T13:12:08.465000,1775913128465,BTCUSDT,72561.4,0.029,BUY,False
3246152462,2026-04-11T13:12:08.478000,1775913128478,BTCUSDT,72561.3,0.03,SELL,True
3246152463,2026-04-11T13:12:08.497000,1775913128497,BTCUSDT,72561.4,0.02,BUY,False
3246152464,2026-04-11T13:12:08.504000,1775913128504,BTCUSDT,72561.3,0.01,SELL,True
3246152465,2026-04-11T13:12:08.504000,1775913128504,BTCUSDT,72561.4,0.085,BUY,False
3246152466,2026-04-11T13:12:08.615000,1775913128615,BTCUSDT,72561.4,6.368,BUY,False
3246152467,2026-04-11T13:12:08.615000,1775913128615,BTCUSDT,72561.5,0.001,BUY,False
3246152468,2026-04-11T13:12:08.615000,1775913128615,BTCUSDT,72562.2,0.002,BUY,False
3246152469,2026-04-11T13:12:08.615000,1775913128615,BTCUSDT,72562.3,0.002,BUY,False
3246152470,2026-04-11T13:12:08.615000,1775913128615,BTCUSDT,72562.7,0.001,BUY,False
3246152471,2026-04-11T13:12:08.615000,1775913128615,BTCUSDT,72563.1,0.003,BUY,False
3246152472,2026-04-11T13:12:08.615000,1775913128615,BTCUSDT,72563.5,0.002,BUY,False
3246152473,2026-04-11T13:12:08.615000,1775913128615,BTCUSDT,72563.9,0.003,BUY,False
3246152474,2026-04-11T13:12:08.615000,1775913128615,BTCUSDT,72564.4,0.013,BUY,False
3246152475,2026-04-11T13:12:08.615000,1775913128615,BTCUSDT,72564.6,0.001,BUY,False
3246152476,2026-04-11T13:12:08.615000,1775913128615,BTCUSDT,72564.8,0.142,BUY,False
3246152477,2026-04-11T13:12:08.615000,1775913128615,BTCUSDT,72564.9,0.664,BUY,False
3246152478,2026-04-11T13:12:08.615000,1775913128615,BTCUSDT,72565.0,1.508,BUY,False
3246152479,2026-04-11T13:12:08.615000,1775913128615,BTCUSDT,72565.1,0.007,BUY,False
3246152480,2026-04-11T13:12:08.615000,1775913128615,BTCUSDT,72565.2,0.813,BUY,False
3246152481,2026-04-11T13:12:08.714000,1775913128714,BTCUSDT,72565.3,0.037,BUY,False
3246152482,2026-04-11T13:12:08.716000,1775913128716,BTCUSDT,72565.8,0.002,BUY,False
3246152483,2026-04-11T13:12:08.716000,1775913128716,BTCUSDT,72565.9,0.002,BUY,False
3246152484,2026-04-11T13:12:08.716000,1775913128716,BTCUSDT,72566.8,0.001,BUY,False
3246152485,2026-04-11T13:12:08.717000,1775913128717,BTCUSDT,72567.0,0.01,BUY,False
3246152486,2026-04-11T13:12:08.717000,1775913128717,BTCUSDT,72567.3,0.003,BUY,False
3246152487,2026-04-11T13:12:08.717000,1775913128717,BTCUSDT,72567.4,0.001,BUY,False
3246152488,2026-04-11T13:12:08.717000,1775913128717,BTCUSDT,72568.1,0.001,BUY,False
3246152489,2026-04-11T13:12:08.717000,1775913128717,BTCUSDT,72568.2,0.002,BUY,False
3246152490,2026-04-11T13:12:08.721000,1775913128721,BTCUSDT,72568.4,0.017,BUY,False
3246152491,2026-04-11T13:12:08.722000,1775913128722,BTCUSDT,72568.3,14.341,SELL,True
3246152492,2026-04-11T13:12:08.786000,1775913128786,BTCUSDT,72568.4,0.103,BUY,False
3246152493,2026-04-11T13:12:08.858000,1775913128858,BTCUSDT,72568.3,0.238,SELL,True
3246152494,2026-04-11T13:12:08.879000,1775913128879,BTCUSDT,72568.4,1.201,BUY,False
3246152495,2026-04-11T13:12:08.925000,1775913128925,BTCUSDT,72568.3,0.092,SELL,True
3246152496,2026-04-11T13:12:08.998000,1775913128998,BTCUSDT,72568.4,0.068,BUY,False
3246152497,2026-04-11T13:12:09.070000,1775913129070,BTCUSDT,72568.3,0.015,SELL,True
3246152498,2026-04-11T13:12:09.345000,1775913129345,BTCUSDT,72568.4,0.717,BUY,False
3246152499,2026-04-11T13:12:09.479000,1775913129479,BTCUSDT,72568.4,0.131,BUY,False
3246152500,2026-04-11T13:12:09.714000,1775913129714,BTCUSDT,72568.4,0.047,BUY,False
3246152501,2026-04-11T13:12:09.721000,1775913129721,BTCUSDT,72568.3,0.282,SELL,True
3246152502,2026-04-11T13:12:09.890000,1775913129890,BTCUSDT,72568.4,0.399,BUY,False
3246152503,2026-04-11T13:12:09.965000,1775913129965,BTCUSDT,72568.3,0.019,SELL,True
3246152504,2026-04-11T13:12:10.148000,1775913130148,BTCUSDT,72568.4,0.108,BUY,False
3246152505,2026-04-11T13:12:10.278000,1775913130278,BTCUSDT,72568.4,0.047,BUY,False
3246152506,2026-04-11T13:12:10.286000,1775913130286,BTCUSDT,72568.3,0.068,SELL,True
3246152507,2026-04-11T13:12:10.307000,1775913130307,BTCUSDT,72568.4,0.002,BUY,False
3246152508,2026-04-11T13:12:10.824000,1775913130824,BTCUSDT,72568.4,0.001,BUY,False
3246152509,2026-04-11T13:12:10.837000,1775913130837,BTCUSDT,72568.3,0.002,SELL,True
3246152510,2026-04-11T13:12:10.907000,1775913130907,BTCUSDT,72568.4,0.009,BUY,False
3246152511,2026-04-11T13:12:10.991000,1775913130991,BTCUSDT,72568.3,0.02,SELL,True
3246152512,2026-04-11T13:12:11.009000,1775913131009,BTCUSDT,72568.4,0.089,BUY,False
3246152513,2026-04-11T13:12:11.105000,1775913131105,BTCUSDT,72568.3,0.025,SELL,True
3246152514,2026-04-11T13:12:11.200000,1775913131200,BTCUSDT,72568.4,0.111,BUY,False
3246152515,2026-04-11T13:12:11.305000,1775913131305,BTCUSDT,72568.3,0.147,SELL,True
3246152516,2026-04-11T13:12:11.409000,1775913131409,BTCUSDT,72568.4,0.004,BUY,False
3246152517,2026-04-11T13:12:11.435000,1775913131435,BTCUSDT,72568.3,3.604,SELL,True
3246152518,2026-04-11T13:12:11.439000,1775913131439,BTCUSDT,72568.2,0.274,SELL,True
3246152519,2026-04-11T13:12:11.441000,1775913131441,BTCUSDT,72568.1,0.002,SELL,True
3246152520,2026-04-11T13:12:11.441000,1775913131441,BTCUSDT,72568.0,0.135,SELL,True
3246152521,2026-04-11T13:12:11.441000,1775913131441,BTCUSDT,72567.9,0.002,SELL,True
3246152522,2026-04-11T13:12:11.445000,1775913131445,BTCUSDT,72567.5,0.013,SELL,True
3246152523,2026-04-11T13:12:11.447000,1775913131447,BTCUSDT,72567.2,0.002,SELL,True
3246152524,2026-04-11T13:12:11.450000,1775913131450,BTCUSDT,72567.0,0.002,SELL,True
3246152525,2026-04-11T13:12:11.484000,1775913131484,BTCUSDT,72566.9,0.11,SELL,True
3246152526,2026-04-11T13:12:11.484000,1775913131484,BTCUSDT,72566.8,0.002,SELL,True
3246152527,2026-04-11T13:12:11.484000,1775913131484,BTCUSDT,72566.7,0.002,SELL,True
3246152528,2026-04-11T13:12:11.484000,1775913131484,BTCUSDT,72566.6,0.003,SELL,True
3246152529,2026-04-11T13:12:11.484000,1775913131484,BTCUSDT,72566.5,0.002,SELL,True
3246152530,2026-04-11T13:12:11.484000,1775913131484,BTCUSDT,72566.2,0.002,SELL,True
3246152531,2026-04-11T13:12:11.486000,1775913131486,BTCUSDT,72565.9,0.003,SELL,True
3246152532,2026-04-11T13:12:11.486000,1775913131486,BTCUSDT,72565.8,0.002,SELL,True
3246152533,2026-04-11T13:12:11.487000,1775913131487,BTCUSDT,72565.7,0.002,SELL,True
3246152534,2026-04-11T13:12:11.487000,1775913131487,BTCUSDT,72565.6,0.001,SELL,True
3246152535,2026-04-11T13:12:11.487000,1775913131487,BTCUSDT,72565.5,0.002,SELL,True
3246152536,2026-04-11T13:12:11.488000,1775913131488,BTCUSDT,72565.2,0.01,SELL,True
3246152537,2026-04-11T13:12:11.488000,1775913131488,BTCUSDT,72565.1,0.003,SELL,True
3246152538,2026-04-11T13:12:11.488000,1775913131488,BTCUSDT,72565.0,0.007,SELL,True
3246152539,2026-04-11T13:12:11.488000,1775913131488,BTCUSDT,72564.8,0.002,SELL,True
3246152540,2026-04-11T13:12:11.488000,1775913131488,BTCUSDT,72564.5,0.002,SELL,True
3246152541,2026-04-11T13:12:11.493000,1775913131493,BTCUSDT,72563.4,0.005,SELL,True
3246152542,2026-04-11T13:12:11.493000,1775913131493,BTCUSDT,72563.0,0.002,SELL,True
3246152543,2026-04-11T13:12:11.493000,1775913131493,BTCUSDT,72562.7,0.005,SELL,True
3246152544,2026-04-11T13:12:11.520000,1775913131520,BTCUSDT,72562.2,0.132,SELL,True
3246152545,2026-04-11T13:12:11.548000,1775913131548,BTCUSDT,72562.3,0.1,BUY,False
3246152546,2026-04-11T13:12:11.565000,1775913131565,BTCUSDT,72562.2,0.022,SELL,True
3246152547,2026-04-11T13:12:11.565000,1775913131565,BTCUSDT,72561.7,0.002,SELL,True
3246152548,2026-04-11T13:12:11.565000,1775913131565,BTCUSDT,72561.6,0.002,SELL,True
3246152549,2026-04-11T13:12:11.569000,1775913131569,BTCUSDT,72561.4,0.005,SELL,True
3246152550,2026-04-11T13:12:11.569000,1775913131569,BTCUSDT,72561.3,0.005,SELL,True
3246152551,2026-04-11T13:12:11.569000,1775913131569,BTCUSDT,72561.2,0.002,SELL,True
3246152552,2026-04-11T13:12:11.569000,1775913131569,BTCUSDT,72561.0,0.003,SELL,True
3246152553,2026-04-11T13:12:11.569000,1775913131569,BTCUSDT,72560.8,0.002,SELL,True
3246152554,2026-04-11T13:12:11.569000,1775913131569,BTCUSDT,72560.5,0.003,SELL,True
3246152555,2026-04-11T13:12:11.592000,1775913131592,BTCUSDT,72560.4,0.01,SELL,True
3246152556,2026-04-11T13:12:11.607000,1775913131607,BTCUSDT,72560.5,0.013,BUY,False
3246152557,2026-04-11T13:12:11.618000,1775913131618,BTCUSDT,72560.4,0.064,SELL,True
3246152558,2026-04-11T13:12:11.618000,1775913131618,BTCUSDT,72560.3,0.002,SELL,True
3246152559,2026-04-11T13:12:11.618000,1775913131618,BTCUSDT,72560.2,0.002,SELL,True
3246152560,2026-04-11T13:12:11.618000,1775913131618,BTCUSDT,72560.1,0.002,SELL,True
3246152561,2026-04-11T13:12:11.619000,1775913131619,BTCUSDT,72559.8,0.004,SELL,True
3246152562,2026-04-11T13:12:11.619000,1775913131619,BTCUSDT,72559.1,0.002,SELL,True
3246152563,2026-04-11T13:12:11.620000,1775913131620,BTCUSDT,72558.9,0.009,SELL,True
3246152564,2026-04-11T13:12:11.620000,1775913131620,BTCUSDT,72558.6,0.003,SELL,True
3246152565,2026-04-11T13:12:11.620000,1775913131620,BTCUSDT,72558.5,0.002,SELL,True
3246152566,2026-04-11T13:12:11.620000,1775913131620,BTCUSDT,72558.2,0.003,SELL,True
3246152567,2026-04-11T13:12:11.620000,1775913131620,BTCUSDT,72558.1,0.001,SELL,True
3246152568,2026-04-11T13:12:11.620000,1775913131620,BTCUSDT,72558.0,0.002,SELL,True
3246152569,2026-04-11T13:12:11.649000,1775913131649,BTCUSDT,72557.8,0.003,SELL,True
3246152570,2026-04-11T13:12:11.852000,1775913131852,BTCUSDT,72557.8,0.214,SELL,True
3246152571,2026-04-11T13:12:11.927000,1775913131927,BTCUSDT,72557.9,0.067,BUY,False
3246152572,2026-04-11T13:12:12.308000,1775913132308,BTCUSDT,72557.8,2.169,SELL,True
3246152573,2026-04-11T13:12:12.560000,1775913132560,BTCUSDT,72557.9,0.038,BUY,False
3246152574,2026-04-11T13:12:12.662000,1775913132662,BTCUSDT,72557.8,0.01,SELL,True
3246152575,2026-04-11T13:12:12.718000,1775913132718,BTCUSDT,72557.9,0.013,BUY,False
3246152576,2026-04-11T13:12:12.856000,1775913132856,BTCUSDT,72557.9,0.094,BUY,False
3246152577,2026-04-11T13:12:13.031000,1775913133031,BTCUSDT,72557.9,0.059,BUY,False
3246152578,2026-04-11T13:12:13.045000,1775913133045,BTCUSDT,72557.8,0.04,SELL,True
3246152579,2026-04-11T13:12:13.045000,1775913133045,BTCUSDT,72557.9,0.002,BUY,False
3246152580,2026-04-11T13:12:13.200000,1775913133200,BTCUSDT,72557.9,0.1,BUY,False
3246152581,2026-04-11T13:12:13.207000,1775913133207,BTCUSDT,72557.8,0.004,SELL,True
3246152582,2026-04-11T13:12:13.243000,1775913133243,BTCUSDT,72557.9,1.208,BUY,False
3246152583,2026-04-11T13:12:13.387000,1775913133387,BTCUSDT,72557.8,0.057,SELL,True
3246152584,2026-04-11T13:12:13.413000,1775913133413,BTCUSDT,72557.9,0.009,BUY,False
3246152585,2026-04-11T13:12:13.448000,1775913133448,BTCUSDT,72557.8,0.043,SELL,True
3246152586,2026-04-11T13:12:13.470000,1775913133470,BTCUSDT,72557.9,0.002,BUY,False
3246152587,2026-04-11T13:12:13.648000,1775913133648,BTCUSDT,72557.9,0.044,BUY,False
3246152588,2026-04-11T13:12:13.764000,1775913133764,BTCUSDT,72557.9,0.102,BUY,False
3246152589,2026-04-11T13:12:13.937000,1775913133937,BTCUSDT,72557.9,0.433,BUY,False
3246152590,2026-04-11T13:12:14.011000,1775913134011,BTCUSDT,72557.8,0.514,SELL,True
3246152591,2026-04-11T13:12:14.163000,1775913134163,BTCUSDT,72557.8,0.155,SELL,True
3246152592,2026-04-11T13:12:14.278000,1775913134278,BTCUSDT,72557.8,2.43,SELL,True
3246152593,2026-04-11T13:12:14.280000,1775913134280,BTCUSDT,72557.7,0.009,SELL,True
3246152594,2026-04-11T13:12:14.280000,1775913134280,BTCUSDT,72557.6,0.002,SELL,True
3246152595,2026-04-11T13:12:14.280000,1775913134280,BTCUSDT,72557.5,0.002,SELL,True
3246152596,2026-04-11T13:12:14.280000,1775913134280,BTCUSDT,72557.1,0.004,SELL,True
3246152597,2026-04-11T13:12:14.280000,1775913134280,BTCUSDT,72556.7,0.002,SELL,True
3246152598,2026-04-11T13:12:14.280000,1775913134280,BTCUSDT,72556.5,0.001,SELL,True
3246152599,2026-04-11T13:12:14.280000,1775913134280,BTCUSDT,72556.3,0.004,SELL,True
3246152600,2026-04-11T13:12:14.280000,1775913134280,BTCUSDT,72556.2,0.002,SELL,True
3246152601,2026-04-11T13:12:14.280000,1775913134280,BTCUSDT,72556.1,0.003,SELL,True
3246152602,2026-04-11T13:12:14.280000,1775913134280,BTCUSDT,72556.0,0.004,SELL,True
3246152603,2026-04-11T13:12:14.283000,1775913134283,BTCUSDT,72555.5,0.047,SELL,True
3246152604,2026-04-11T13:12:14.308000,1775913134308,BTCUSDT,72555.6,0.032,BUY,False
3246152605,2026-04-11T13:12:14.420000,1775913134420,BTCUSDT,72555.5,0.011,SELL,True
3246152606,2026-04-11T13:12:14.432000,1775913134432,BTCUSDT,72555.6,0.032,BUY,False
3246152607,2026-04-11T13:12:14.452000,1775913134452,BTCUSDT,72555.5,3.062,SELL,True
3246152608,2026-04-11T13:12:14.452000,1775913134452,BTCUSDT,72555.4,0.007,SELL,True
3246152609,2026-04-11T13:12:14.452000,1775913134452,BTCUSDT,72555.3,0.002,SELL,True
3246152610,2026-04-11T13:12:14.452000,1775913134452,BTCUSDT,72555.2,0.099,SELL,True
3246152611,2026-04-11T13:12:14.452000,1775913134452,BTCUSDT,72555.0,0.014,SELL,True
3246152612,2026-04-11T13:12:14.452000,1775913134452,BTCUSDT,72554.8,0.002,SELL,True
3246152613,2026-04-11T13:12:14.452000,1775913134452,BTCUSDT,72554.7,0.005,SELL,True
3246152614,2026-04-11T13:12:14.452000,1775913134452,BTCUSDT,72554.6,0.557,SELL,True
3246152615,2026-04-11T13:12:14.452000,1775913134452,BTCUSDT,72554.4,0.084,SELL,True
3246152616,2026-04-11T13:12:14.530000,1775913134530,BTCUSDT,72554.5,0.023,BUY,False
3246152617,2026-04-11T13:12:14.659000,1775913134659,BTCUSDT,72554.4,0.006,SELL,True
3246152618,2026-04-11T13:12:14.869000,1775913134869,BTCUSDT,72554.4,0.027,SELL,True
3246152619,2026-04-11T13:12:15.028000,1775913135028,BTCUSDT,72554.5,0.044,BUY,False
3246152620,2026-04-11T13:12:15.078000,1775913135078,BTCUSDT,72554.4,0.146,SELL,True
3246152621,2026-04-11T13:12:15.078000,1775913135078,BTCUSDT,72554.3,0.007,SELL,True
3246152622,2026-04-11T13:12:15.078000,1775913135078,BTCUSDT,72554.2,0.004,SELL,True
3246152623,2026-04-11T13:12:15.081000,1775913135081,BTCUSDT,72554.1,0.002,SELL,True
3246152624,2026-04-11T13:12:15.081000,1775913135081,BTCUSDT,72554.0,0.002,SELL,True
3246152625,2026-04-11T13:12:15.081000,1775913135081,BTCUSDT,72553.4,0.002,SELL,True
3246152626,2026-04-11T13:12:15.081000,1775913135081,BTCUSDT,72553.3,0.004,SELL,True
3246152627,2026-04-11T13:12:15.081000,1775913135081,BTCUSDT,72553.1,0.002,SELL,True
3246152628,2026-04-11T13:12:15.081000,1775913135081,BTCUSDT,72552.6,0.005,SELL,True
3246152629,2026-04-11T13:12:15.081000,1775913135081,BTCUSDT,72552.5,0.002,SELL,True
3246152630,2026-04-11T13:12:15.081000,1775913135081,BTCUSDT,72552.2,0.004,SELL,True
3246152631,2026-04-11T13:12:15.084000,1775913135084,BTCUSDT,72552.2,1.22,BUY,False
3246152632,2026-04-11T13:12:15.135000,1775913135135,BTCUSDT,72552.1,0.008,SELL,True
3246152633,2026-04-11T13:12:15.135000,1775913135135,BTCUSDT,72552.0,0.004,SELL,True
3246152634,2026-04-11T13:12:15.135000,1775913135135,BTCUSDT,72551.9,0.003,SELL,True
3246152635,2026-04-11T13:12:15.135000,1775913135135,BTCUSDT,72551.8,0.002,SELL,True
3246152636,2026-04-11T13:12:15.135000,1775913135135,BTCUSDT,72551.6,0.002,SELL,True
3246152637,2026-04-11T13:12:15.139000,1775913135139,BTCUSDT,72551.3,0.005,SELL,True
3246152638,2026-04-11T13:12:15.139000,1775913135139,BTCUSDT,72550.8,0.004,SELL,True
3246152639,2026-04-11T13:12:15.139000,1775913135139,BTCUSDT,72550.7,0.002,SELL,True
3246152640,2026-04-11T13:12:15.139000,1775913135139,BTCUSDT,72550.0,0.005,SELL,True
3246152641,2026-04-11T13:12:15.139000,1775913135139,BTCUSDT,72549.8,0.003,SELL,True
3246152642,2026-04-11T13:12:15.139000,1775913135139,BTCUSDT,72549.7,0.004,SELL,True
3246152643,2026-04-11T13:12:15.139000,1775913135139,BTCUSDT,72549.6,0.004,SELL,True
3246152644,2026-04-11T13:12:15.144000,1775913135144,BTCUSDT,72549.2,0.04,SELL,True
3246152645,2026-04-11T13:12:15.148000,1775913135148,BTCUSDT,72549.1,0.003,SELL,True
3246152646,2026-04-11T13:12:15.148000,1775913135148,BTCUSDT,72549.0,0.004,SELL,True
3246152647,2026-04-11T13:12:15.148000,1775913135148,BTCUSDT,72548.4,0.003,SELL,True
3246152648,2026-04-11T13:12:15.148000,1775913135148,BTCUSDT,72548.2,0.013,SELL,True
3246152649,2026-04-11T13:12:15.172000,1775913135172,BTCUSDT,72548.0,0.145,SELL,True
3246152650,2026-04-11T13:12:15.175000,1775913135175,BTCUSDT,72547.8,0.002,SELL,True
3246152651,2026-04-11T13:12:15.175000,1775913135175,BTCUSDT,72547.7,0.005,SELL,True
3246152652,2026-04-11T13:12:15.175000,1775913135175,BTCUSDT,72547.6,0.002,SELL,True
3246152653,2026-04-11T13:12:15.175000,1775913135175,BTCUSDT,72547.2,0.006,SELL,True
3246152654,2026-04-11T13:12:15.175000,1775913135175,BTCUSDT,72547.1,0.015,SELL,True
3246152655,2026-04-11T13:12:15.175000,1775913135175,BTCUSDT,72547.0,0.003,SELL,True
3246152656,2026-04-11T13:12:15.176000,1775913135176,BTCUSDT,72546.4,0.002,SELL,True
3246152657,2026-04-11T13:12:15.176000,1775913135176,BTCUSDT,72546.3,0.004,SELL,True
3246152658,2026-04-11T13:12:15.176000,1775913135176,BTCUSDT,72546.0,0.011,SELL,True
3246152659,2026-04-11T13:12:15.176000,1775913135176,BTCUSDT,72545.9,0.002,SELL,True
3246152660,2026-04-11T13:12:15.176000,1775913135176,BTCUSDT,72545.8,0.006,SELL,True
3246152661,2026-04-11T13:12:15.176000,1775913135176,BTCUSDT,72545.7,0.001,SELL,True
3246152662,2026-04-11T13:12:15.176000,1775913135176,BTCUSDT,72545.6,0.001,SELL,True
3246152663,2026-04-11T13:12:15.178000,1775913135178,BTCUSDT,72545.5,0.002,SELL,True
3246152664,2026-04-11T13:12:15.178000,1775913135178,BTCUSDT,72545.4,0.005,SELL,True
3246152665,2026-04-11T13:12:15.178000,1775913135178,BTCUSDT,72545.2,0.002,SELL,True
3246152666,2026-04-11T13:12:15.178000,1775913135178,BTCUSDT,72545.1,0.002,SELL,True
3246152667,2026-04-11T13:12:15.178000,1775913135178,BTCUSDT,72545.0,0.005,SELL,True
3246152668,2026-04-11T13:12:15.178000,1775913135178,BTCUSDT,72544.2,0.003,SELL,True
3246152669,2026-04-11T13:12:15.178000,1775913135178,BTCUSDT,72543.9,0.003,SELL,True
3246152670,2026-04-11T13:12:15.178000,1775913135178,BTCUSDT,72543.8,0.001,SELL,True
3246152671,2026-04-11T13:12:15.178000,1775913135178,BTCUSDT,72543.7,0.004,SELL,True
3246152672,2026-04-11T13:12:15.183000,1775913135183,BTCUSDT,72543.6,0.034,SELL,True
3246152673,2026-04-11T13:12:15.233000,1775913135233,BTCUSDT,72543.7,0.072,BUY,False
3246152674,2026-04-11T13:12:15.309000,1775913135309,BTCUSDT,72543.6,0.083,SELL,True
3246152675,2026-04-11T13:12:15.382000,1775913135382,BTCUSDT,72543.7,0.215,BUY,False
3246152676,2026-04-11T13:12:15.408000,1775913135408,BTCUSDT,72543.6,0.5,SELL,True
3246152677,2026-04-11T13:12:15.470000,1775913135470,BTCUSDT,72543.7,0.219,BUY,False
3246152678,2026-04-11T13:12:15.632000,1775913135632,BTCUSDT,72543.7,0.004,BUY,False
3246152679,2026-04-11T13:12:15.644000,1775913135644,BTCUSDT,72543.6,0.018,SELL,True
3246152680,2026-04-11T13:12:15.794000,1775913135794,BTCUSDT,72543.7,0.092,BUY,False
3246152681,2026-04-11T13:12:15.997000,1775913135997,BTCUSDT,72543.6,0.024,SELL,True
3246152682,2026-04-11T13:12:16.248000,1775913136248,BTCUSDT,72543.6,0.068,SELL,True
3246152683,2026-04-11T13:12:16.425000,1775913136425,BTCUSDT,72543.7,0.102,BUY,False
3246152684,2026-04-11T13:12:16.652000,1775913136652,BTCUSDT,72543.7,0.005,BUY,False
3246152685,2026-04-11T13:12:16.853000,1775913136853,BTCUSDT,72543.6,0.002,SELL,True
3246152686,2026-04-11T13:12:16.938000,1775913136938,BTCUSDT,72543.7,1.713,BUY,False
3246152687,2026-04-11T13:12:17.073000,1775913137073,BTCUSDT,72543.7,0.009,BUY,False
3246152688,2026-04-11T13:12:17.162000,1775913137162,BTCUSDT,72543.6,0.001,SELL,True
3246152689,2026-04-11T13:12:17.223000,1775913137223,BTCUSDT,72543.7,0.054,BUY,False
3246152690,2026-04-11T13:12:17.272000,1775913137272,BTCUSDT,72543.6,0.011,SELL,True
3246152691,2026-04-11T13:12:17.336000,1775913137336,BTCUSDT,72543.7,0.011,BUY,False
3246152692,2026-04-11T13:12:17.523000,1775913137523,BTCUSDT,72543.6,0.113,SELL,True
3246152693,2026-04-11T13:12:17.568000,1775913137568,BTCUSDT,72543.7,0.023,BUY,False
3246152694,2026-04-11T13:12:17.954000,1775913137954,BTCUSDT,72543.6,0.083,SELL,True
3246152695,2026-04-11T13:12:18.129000,1775913138129,BTCUSDT,72543.7,0.147,BUY,False
3246152696,2026-04-11T13:12:18.237000,1775913138237,BTCUSDT,72543.7,0.086,BUY,False
3246152697,2026-04-11T13:12:18.281000,1775913138281,BTCUSDT,72543.6,0.05,SELL,True
3246152698,2026-04-11T13:12:18.571000,1775913138571,BTCUSDT,72543.7,0.003,BUY,False
3246152699,2026-04-11T13:12:18.662000,1775913138662,BTCUSDT,72543.6,0.2,SELL,True
3246152700,2026-04-11T13:12:18.735000,1775913138735,BTCUSDT,72543.7,0.112,BUY,False
3246152701,2026-04-11T13:12:18.802000,1775913138802,BTCUSDT,72543.6,0.086,SELL,True
3246152702,2026-04-11T13:12:18.809000,1775913138809,BTCUSDT,72543.7,0.003,BUY,False
3246152703,2026-04-11T13:12:18.816000,1775913138816,BTCUSDT,72543.6,0.028,SELL,True
3246152704,2026-04-11T13:12:18.906000,1775913138906,BTCUSDT,72543.7,0.114,BUY,False
3246152705,2026-04-11T13:12:19.188000,1775913139188,BTCUSDT,72543.7,0.015,BUY,False
3246152706,2026-04-11T13:12:19.293000,1775913139293,BTCUSDT,72543.7,0.059,BUY,False
3246152707,2026-04-11T13:12:19.626000,1775913139626,BTCUSDT,72543.6,0.023,SELL,True
3246152708,2026-04-11T13:12:19.720000,1775913139720,BTCUSDT,72543.7,0.003,BUY,False
3246152709,2026-04-11T13:12:19.783000,1775913139783,BTCUSDT,72543.6,0.047,SELL,True
3246152710,2026-04-11T13:12:19.878000,1775913139878,BTCUSDT,72543.7,0.158,BUY,False
3246152711,2026-04-11T13:12:20.022000,1775913140022,BTCUSDT,72543.6,0.022,SELL,True
3246152712,2026-04-11T13:12:20.172000,1775913140172,BTCUSDT,72543.7,0.618,BUY,False
3246152713,2026-04-11T13:12:20.238000,1775913140238,BTCUSDT,72543.8,0.002,BUY,False
3246152714,2026-04-11T13:12:20.238000,1775913140238,BTCUSDT,72543.9,0.002,BUY,False
3246152715,2026-04-11T13:12:20.238000,1775913140238,BTCUSDT,72544.0,0.002,BUY,False
3246152716,2026-04-11T13:12:20.238000,1775913140238,BTCUSDT,72544.5,0.02,BUY,False
3246152717,2026-04-11T13:12:20.238000,1775913140238,BTCUSDT,72545.0,0.002,BUY,False
3246152718,2026-04-11T13:12:20.244000,1775913140244,BTCUSDT,72545.1,0.027,BUY,False
3246152719,2026-04-11T13:12:20.247000,1775913140247,BTCUSDT,72545.2,0.138,BUY,False
3246152720,2026-04-11T13:12:20.252000,1775913140252,BTCUSDT,72545.5,0.003,BUY,False
3246152721,2026-04-11T13:12:20.252000,1775913140252,BTCUSDT,72545.8,0.002,BUY,False
3246152722,2026-04-11T13:12:20.252000,1775913140252,BTCUSDT,72546.1,0.003,BUY,False
3246152723,2026-04-11T13:12:20.258000,1775913140258,BTCUSDT,72546.9,0.002,BUY,False
3246152724,2026-04-11T13:12:20.258000,1775913140258,BTCUSDT,72547.3,0.002,BUY,False
3246152725,2026-04-11T13:12:20.258000,1775913140258,BTCUSDT,72547.5,0.001,BUY,False
3246152726,2026-04-11T13:12:20.258000,1775913140258,BTCUSDT,72548.1,0.005,BUY,False
3246152727,2026-04-11T13:12:20.258000,1775913140258,BTCUSDT,72548.2,0.001,BUY,False
3246152728,2026-04-11T13:12:20.258000,1775913140258,BTCUSDT,72548.8,0.003,BUY,False
3246152729,2026-04-11T13:12:20.258000,1775913140258,BTCUSDT,72548.9,0.003,BUY,False
3246152730,2026-04-11T13:12:20.258000,1775913140258,BTCUSDT,72549.0,0.004,BUY,False
3246152731,2026-04-11T13:12:20.258000,1775913140258,BTCUSDT,72549.1,0.001,BUY,False
3246152732,2026-04-11T13:12:20.258000,1775913140258,BTCUSDT,72549.3,0.001,BUY,False
3246152733,2026-04-11T13:12:20.338000,1775913140338,BTCUSDT,72549.4,0.013,BUY,False
3246152734,2026-04-11T13:12:20.387000,1775913140387,BTCUSDT,72549.3,0.158,SELL,True
3246152735,2026-04-11T13:12:20.490000,1775913140490,BTCUSDT,72549.4,0.013,BUY,False
3246152736,2026-04-11T13:12:20.538000,1775913140538,BTCUSDT,72549.3,2.526,SELL,True
3246152737,2026-04-11T13:12:20.616000,1775913140616,BTCUSDT,72549.4,0.012,BUY,False
3246152738,2026-04-11T13:12:20.660000,1775913140660,BTCUSDT,72549.3,0.25,SELL,True
3246152739,2026-04-11T13:12:20.690000,1775913140690,BTCUSDT,72549.4,0.052,BUY,False
3246152740,2026-04-11T13:12:20.840000,1775913140840,BTCUSDT,72549.4,0.145,BUY,False
3246152741,2026-04-11T13:12:20.933000,1775913140933,BTCUSDT,72549.3,0.037,SELL,True
3246152742,2026-04-11T13:12:21.073000,1775913141073,BTCUSDT,72549.3,0.08,SELL,True
3246152743,2026-04-11T13:12:21.101000,1775913141101,BTCUSDT,72549.4,0.072,BUY,False
3246152744,2026-04-11T13:12:21.266000,1775913141266,BTCUSDT,72549.4,0.506,BUY,False
3246152745,2026-04-11T13:12:21.268000,1775913141268,BTCUSDT,72549.3,0.179,SELL,True
3246152746,2026-04-11T13:12:21.334000,1775913141334,BTCUSDT,72549.4,2.339,BUY,False
3246152747,2026-04-11T13:12:21.348000,1775913141348,BTCUSDT,72549.5,0.874,BUY,False
3246152748,2026-04-11T13:12:21.354000,1775913141354,BTCUSDT,72549.6,0.004,BUY,False
3246152749,2026-04-11T13:12:21.354000,1775913141354,BTCUSDT,72549.9,0.002,BUY,False
3246152750,2026-04-11T13:12:21.354000,1775913141354,BTCUSDT,72550.0,0.002,BUY,False
3246152751,2026-04-11T13:12:21.357000,1775913141357,BTCUSDT,72550.1,0.077,BUY,False
3246152752,2026-04-11T13:12:21.464000,1775913141464,BTCUSDT,72550.0,0.411,SELL,True
3246152753,2026-04-11T13:12:21.495000,1775913141495,BTCUSDT,72550.1,0.109,BUY,False
3246152754,2026-04-11T13:12:21.603000,1775913141603,BTCUSDT,72550.0,0.072,SELL,True
3246152755,2026-04-11T13:12:21.686000,1775913141686,BTCUSDT,72550.1,0.02,BUY,False
3246152756,2026-04-11T13:12:21.841000,1775913141841,BTCUSDT,72550.1,1.801,BUY,False
3246152757,2026-04-11T13:12:21.898000,1775913141898,BTCUSDT,72550.0,0.006,SELL,True
3246152758,2026-04-11T13:12:21.964000,1775913141964,BTCUSDT,72550.1,0.2,BUY,False
3246152759,2026-04-11T13:12:22.105000,1775913142105,BTCUSDT,72550.0,0.102,SELL,True
3246152760,2026-04-11T13:12:22.181000,1775913142181,BTCUSDT,72550.1,0.085,BUY,False
3246152761,2026-04-11T13:12:22.318000,1775913142318,BTCUSDT,72550.1,3.92,BUY,False
3246152762,2026-04-11T13:12:22.419000,1775913142419,BTCUSDT,72550.1,0.012,BUY,False
3246152763,2026-04-11T13:12:22.419000,1775913142419,BTCUSDT,72550.2,0.002,BUY,False
3246152764,2026-04-11T13:12:22.419000,1775913142419,BTCUSDT,72550.3,0.004,BUY,False
3246152765,2026-04-11T13:12:22.419000,1775913142419,BTCUSDT,72550.4,0.003,BUY,False
3246152766,2026-04-11T13:12:22.582000,1775913142582,BTCUSDT,72550.8,0.091,BUY,False
3246152767,2026-04-11T13:12:22.703000,1775913142703,BTCUSDT,72550.8,0.008,BUY,False
3246152768,2026-04-11T13:12:22.905000,1775913142905,BTCUSDT,72550.8,0.8,BUY,False
3246152769,2026-04-11T13:12:23.116000,1775913143116,BTCUSDT,72550.8,0.065,BUY,False
3246152770,2026-04-11T13:12:23.299000,1775913143299,BTCUSDT,72550.8,0.194,BUY,False
3246152771,2026-04-11T13:12:23.353000,1775913143353,BTCUSDT,72550.7,1.065,SELL,True
3246152772,2026-04-11T13:12:23.420000,1775913143420,BTCUSDT,72550.8,0.08,BUY,False
3246152773,2026-04-11T13:12:23.424000,1775913143424,BTCUSDT,72550.7,0.006,SELL,True
3246152774,2026-04-11T13:12:23.443000,1775913143443,BTCUSDT,72550.8,0.132,BUY,False
3246152775,2026-04-11T13:12:23.566000,1775913143566,BTCUSDT,72550.8,0.239,BUY,False
3246152776,2026-04-11T13:12:23.668000,1775913143668,BTCUSDT,72550.8,1.205,BUY,False
3246152777,2026-04-11T13:12:23.819000,1775913143819,BTCUSDT,72550.8,0.038,BUY,False
3246152778,2026-04-11T13:12:23.930000,1775913143930,BTCUSDT,72550.7,0.005,SELL,True
3246152779,2026-04-11T13:12:23.930000,1775913143930,BTCUSDT,72550.8,0.018,BUY,False
3246152780,2026-04-11T13:12:23.986000,1775913143986,BTCUSDT,72550.7,0.503,SELL,True
3246152781,2026-04-11T13:12:24.037000,1775913144037,BTCUSDT,72550.8,0.632,BUY,False
3246152782,2026-04-11T13:12:24.047000,1775913144047,BTCUSDT,72550.7,0.025,SELL,True
3246152783,2026-04-11T13:12:24.321000,1775913144321,BTCUSDT,72550.8,0.008,BUY,False
3246152784,2026-04-11T13:12:24.397000,1775913144397,BTCUSDT,72550.7,0.003,SELL,True
3246152785,2026-04-11T13:12:24.415000,1775913144415,BTCUSDT,72550.8,0.063,BUY,False
3246152786,2026-04-11T13:12:24.423000,1775913144423,BTCUSDT,72550.7,1.051,SELL,True
3246152787,2026-04-11T13:12:24.531000,1775913144531,BTCUSDT,72550.8,0.267,BUY,False
3246152788,2026-04-11T13:12:24.591000,1775913144591,BTCUSDT,72550.7,0.032,SELL,True
3246152789,2026-04-11T13:12:24.872000,1775913144872,BTCUSDT,72550.8,0.004,BUY,False
3246152790,2026-04-11T13:12:25.049000,1775913145049,BTCUSDT,72550.7,0.025,SELL,True
3246152791,2026-04-11T13:12:25.136000,1775913145136,BTCUSDT,72550.8,0.121,BUY,False
3246152792,2026-04-11T13:12:25.388000,1775913145388,BTCUSDT,72550.7,0.014,SELL,True
3246152793,2026-04-11T13:12:25.457000,1775913145457,BTCUSDT,72550.8,2.431,BUY,False
3246152794,2026-04-11T13:12:25.457000,1775913145457,BTCUSDT,72550.9,0.007,BUY,False
3246152795,2026-04-11T13:12:25.457000,1775913145457,BTCUSDT,72551.0,0.002,BUY,False
3246152796,2026-04-11T13:12:25.457000,1775913145457,BTCUSDT,72551.4,0.002,BUY,False
3246152797,2026-04-11T13:12:25.457000,1775913145457,BTCUSDT,72551.5,0.004,BUY,False
3246152798,2026-04-11T13:12:25.457000,1775913145457,BTCUSDT,72551.7,0.011,BUY,False
3246152799,2026-04-11T13:12:25.457000,1775913145457,BTCUSDT,72552.0,0.18,BUY,False
3246152800,2026-04-11T13:12:25.457000,1775913145457,BTCUSDT,72552.1,0.029,BUY,False
3246152801,2026-04-11T13:12:25.457000,1775913145457,BTCUSDT,72552.2,0.007,BUY,False
3246152802,2026-04-11T13:12:25.457000,1775913145457,BTCUSDT,72552.3,0.004,BUY,False
3246152803,2026-04-11T13:12:25.457000,1775913145457,BTCUSDT,72552.5,0.005,BUY,False
3246152804,2026-04-11T13:12:25.457000,1775913145457,BTCUSDT,72552.6,0.002,BUY,False
3246152805,2026-04-11T13:12:25.457000,1775913145457,BTCUSDT,72552.9,0.052,BUY,False
3246152806,2026-04-11T13:12:25.457000,1775913145457,BTCUSDT,72553.0,0.002,BUY,False
3246152807,2026-04-11T13:12:25.457000,1775913145457,BTCUSDT,72553.1,0.003,BUY,False
3246152808,2026-04-11T13:12:25.457000,1775913145457,BTCUSDT,72553.2,0.002,BUY,False
3246152809,2026-04-11T13:12:25.457000,1775913145457,BTCUSDT,72553.3,0.001,BUY,False
3246152810,2026-04-11T13:12:25.457000,1775913145457,BTCUSDT,72553.4,0.002,BUY,False
3246152811,2026-04-11T13:12:25.457000,1775913145457,BTCUSDT,72553.5,0.003,BUY,False
3246152812,2026-04-11T13:12:25.457000,1775913145457,BTCUSDT,72553.6,0.079,BUY,False
3246152813,2026-04-11T13:12:25.457000,1775913145457,BTCUSDT,72553.7,0.002,BUY,False
3246152814,2026-04-11T13:12:25.457000,1775913145457,BTCUSDT,72553.8,0.004,BUY,False
3246152815,2026-04-11T13:12:25.457000,1775913145457,BTCUSDT,72553.9,0.002,BUY,False
3246152816,2026-04-11T13:12:25.457000,1775913145457,BTCUSDT,72554.0,0.003,BUY,False
3246152817,2026-04-11T13:12:25.457000,1775913145457,BTCUSDT,72554.2,0.028,BUY,False
3246152818,2026-04-11T13:12:25.457000,1775913145457,BTCUSDT,72554.3,0.395,BUY,False
3246152819,2026-04-11T13:12:25.465000,1775913145465,BTCUSDT,72554.2,4.84,SELL,True
3246152820,2026-04-11T13:12:25.468000,1775913145468,BTCUSDT,72554.1,0.048,SELL,True
3246152821,2026-04-11T13:12:25.469000,1775913145469,BTCUSDT,72553.5,0.001,SELL,True
3246152822,2026-04-11T13:12:25.469000,1775913145469,BTCUSDT,72551.9,0.002,SELL,True
3246152823,2026-04-11T13:12:25.479000,1775913145479,BTCUSDT,72550.9,0.049,SELL,True
3246152824,2026-04-11T13:12:25.479000,1775913145479,BTCUSDT,72550.7,1.148,SELL,True
3246152825,2026-04-11T13:12:25.482000,1775913145482,BTCUSDT,72550.1,0.167,SELL,True
3246152826,2026-04-11T13:12:25.482000,1775913145482,BTCUSDT,72550.0,8.656,SELL,True
3246152827,2026-04-11T13:12:25.484000,1775913145484,BTCUSDT,72549.9,0.003,SELL,True
3246152828,2026-04-11T13:12:25.484000,1775913145484,BTCUSDT,72549.3,0.041,SELL,True
3246152829,2026-04-11T13:12:25.484000,1775913145484,BTCUSDT,72549.0,0.005,SELL,True
3246152830,2026-04-11T13:12:25.484000,1775913145484,BTCUSDT,72548.8,0.001,SELL,True
3246152831,2026-04-11T13:12:25.485000,1775913145485,BTCUSDT,72548.3,0.054,SELL,True
3246152832,2026-04-11T13:12:25.487000,1775913145487,BTCUSDT,72548.0,0.014,SELL,True
3246152833,2026-04-11T13:12:25.487000,1775913145487,BTCUSDT,72547.6,0.003,SELL,True
3246152834,2026-04-11T13:12:25.487000,1775913145487,BTCUSDT,72547.3,0.002,SELL,True
3246152835,2026-04-11T13:12:25.487000,1775913145487,BTCUSDT,72547.2,0.004,SELL,True
3246152836,2026-04-11T13:12:25.487000,1775913145487,BTCUSDT,72547.1,0.002,SELL,True
3246152837,2026-04-11T13:12:25.487000,1775913145487,BTCUSDT,72546.8,0.101,SELL,True
3246152838,2026-04-11T13:12:25.487000,1775913145487,BTCUSDT,72546.4,0.001,SELL,True
3246152839,2026-04-11T13:12:25.487000,1775913145487,BTCUSDT,72546.3,0.003,SELL,True
3246152840,2026-04-11T13:12:25.487000,1775913145487,BTCUSDT,72546.2,0.002,SELL,True
3246152841,2026-04-11T13:12:25.491000,1775913145491,BTCUSDT,72545.5,0.016,SELL,True
3246152842,2026-04-11T13:12:25.491000,1775913145491,BTCUSDT,72545.4,0.003,SELL,True
3246152843,2026-04-11T13:12:25.541000,1775913145541,BTCUSDT,72545.3,0.227,BUY,False
3246152844,2026-04-11T13:12:25.551000,1775913145551,BTCUSDT,72545.2,0.25,SELL,True
3246152845,2026-04-11T13:12:25.558000,1775913145558,BTCUSDT,72545.3,0.016,BUY,False
3246152846,2026-04-11T13:12:25.558000,1775913145558,BTCUSDT,72545.2,0.03,SELL,True
3246152847,2026-04-11T13:12:25.559000,1775913145559,BTCUSDT,72545.3,0.002,BUY,False
3246152848,2026-04-11T13:12:25.561000,1775913145561,BTCUSDT,72545.2,0.016,SELL,True
3246152849,2026-04-11T13:12:25.613000,1775913145613,BTCUSDT,72545.3,0.038,BUY,False
3246152850,2026-04-11T13:12:25.760000,1775913145760,BTCUSDT,72545.3,1.423,BUY,False
3246152851,2026-04-11T13:12:26.067000,1775913146067,BTCUSDT,72545.2,0.007,SELL,True
3246152852,2026-04-11T13:12:26.266000,1775913146266,BTCUSDT,72545.3,0.025,BUY,False
3246152853,2026-04-11T13:12:26.398000,1775913146398,BTCUSDT,72545.2,0.018,SELL,True
3246152854,2026-04-11T13:12:26.504000,1775913146504,BTCUSDT,72545.2,1.71,SELL,True
3246152855,2026-04-11T13:12:26.570000,1775913146570,BTCUSDT,72545.1,0.002,SELL,True
3246152856,2026-04-11T13:12:26.570000,1775913146570,BTCUSDT,72545.0,0.038,SELL,True
3246152857,2026-04-11T13:12:26.570000,1775913146570,BTCUSDT,72544.7,0.002,SELL,True
3246152858,2026-04-11T13:12:26.570000,1775913146570,BTCUSDT,72544.6,0.002,SELL,True
3246152859,2026-04-11T13:12:26.570000,1775913146570,BTCUSDT,72544.5,0.002,SELL,True
3246152860,2026-04-11T13:12:26.570000,1775913146570,BTCUSDT,72544.3,0.002,SELL,True
3246152861,2026-04-11T13:12:26.570000,1775913146570,BTCUSDT,72544.2,0.003,SELL,True
3246152862,2026-04-11T13:12:26.570000,1775913146570,BTCUSDT,72543.7,0.036,SELL,True
3246152863,2026-04-11T13:12:26.605000,1775913146605,BTCUSDT,72543.7,0.014,BUY,False
3246152864,2026-04-11T13:12:26.881000,1775913146881,BTCUSDT,72543.7,0.032,BUY,False
3246152865,2026-04-11T13:12:26.923000,1775913146923,BTCUSDT,72543.6,0.424,SELL,True
3246152866,2026-04-11T13:12:26.976000,1775913146976,BTCUSDT,72543.7,0.069,BUY,False
3246152867,2026-04-11T13:12:27.088000,1775913147088,BTCUSDT,72543.6,0.002,SELL,True
3246152868,2026-04-11T13:12:27.308000,1775913147308,BTCUSDT,72543.7,0.021,BUY,False
3246152869,2026-04-11T13:12:27.318000,1775913147318,BTCUSDT,72543.6,0.015,SELL,True
3246152870,2026-04-11T13:12:27.371000,1775913147371,BTCUSDT,72543.7,0.143,BUY,False
3246152871,2026-04-11T13:12:27.490000,1775913147490,BTCUSDT,72543.7,0.007,BUY,False
3246152872,2026-04-11T13:12:27.819000,1775913147819,BTCUSDT,72543.6,0.013,SELL,True
3246152873,2026-04-11T13:12:27.867000,1775913147867,BTCUSDT,72543.7,0.726,BUY,False
3246152874,2026-04-11T13:12:27.977000,1775913147977,BTCUSDT,72543.7,0.004,BUY,False
3246152875,2026-04-11T13:12:28.026000,1775913148026,BTCUSDT,72543.6,0.01,SELL,True
3246152876,2026-04-11T13:12:28.143000,1775913148143,BTCUSDT,72543.6,0.3,SELL,True
3246152877,2026-04-11T13:12:28.426000,1775913148426,BTCUSDT,72543.6,0.064,SELL,True
3246152878,2026-04-11T13:12:28.743000,1775913148743,BTCUSDT,72543.7,0.006,BUY,False
3246152879,2026-04-11T13:12:28.905000,1775913148905,BTCUSDT,72543.6,0.009,SELL,True
3246152880,2026-04-11T13:12:29.120000,1775913149120,BTCUSDT,72543.7,0.004,BUY,False
3246152881,2026-04-11T13:12:29.248000,1775913149248,BTCUSDT,72543.7,0.013,BUY,False
3246152882,2026-04-11T13:12:29.579000,1775913149579,BTCUSDT,72543.6,0.006,SELL,True
3246152883,2026-04-11T13:12:29.787000,1775913149787,BTCUSDT,72543.6,0.233,SELL,True
3246152884,2026-04-11T13:12:29.926000,1775913149926,BTCUSDT,72543.7,0.044,BUY,False
3246152885,2026-04-11T13:12:29.961000,1775913149961,BTCUSDT,72543.6,0.005,SELL,True
3246152886,2026-04-11T13:12:30.180000,1775913150180,BTCUSDT,72543.7,0.052,BUY,False
3246152887,2026-04-11T13:12:30.190000,1775913150190,BTCUSDT,72543.6,0.002,SELL,True
3246152888,2026-04-11T13:12:30.339000,1775913150339,BTCUSDT,72543.7,0.002,BUY,False
3246152889,2026-04-11T13:12:30.489000,1775913150489,BTCUSDT,72543.7,0.03,BUY,False
3246152890,2026-04-11T13:12:30.605000,1775913150605,BTCUSDT,72543.7,2.204,BUY,False
3246152891,2026-04-11T13:12:30.614000,1775913150614,BTCUSDT,72543.6,0.003,SELL,True
3246152892,2026-04-11T13:12:30.757000,1775913150757,BTCUSDT,72543.7,0.006,BUY,False
3246152893,2026-04-11T13:12:30.837000,1775913150837,BTCUSDT,72543.6,0.002,SELL,True
3246152894,2026-04-11T13:12:31.069000,1775913151069,BTCUSDT,72543.7,0.034,BUY,False
3246152895,2026-04-11T13:12:31.138000,1775913151138,BTCUSDT,72543.6,0.004,SELL,True
3246152896,2026-04-11T13:12:31.338000,1775913151338,BTCUSDT,72543.6,0.011,SELL,True
3246152897,2026-04-11T13:12:31.588000,1775913151588,BTCUSDT,72543.7,0.005,BUY,False
3246152898,2026-04-11T13:12:31.590000,1775913151590,BTCUSDT,72543.6,0.226,SELL,True
3246152899,2026-04-11T13:12:31.653000,1775913151653,BTCUSDT,72543.7,0.05,BUY,False
3246152900,2026-04-11T13:12:31.701000,1775913151701,BTCUSDT,72543.6,0.002,SELL,True
3246152901,2026-04-11T13:12:31.711000,1775913151711,BTCUSDT,72543.7,0.001,BUY,False
3246152902,2026-04-11T13:12:31.867000,1775913151867,BTCUSDT,72543.6,0.01,SELL,True
3246152903,2026-04-11T13:12:31.870000,1775913151870,BTCUSDT,72543.7,0.074,BUY,False
3246152904,2026-04-11T13:12:32.006000,1775913152006,BTCUSDT,72543.6,0.048,SELL,True
3246152905,2026-04-11T13:12:32.054000,1775913152054,BTCUSDT,72543.7,0.002,BUY,False
3246152906,2026-04-11T13:12:32.138000,1775913152138,BTCUSDT,72543.6,0.021,SELL,True
3246152907,2026-04-11T13:12:32.283000,1775913152283,BTCUSDT,72543.6,0.002,SELL,True
3246152908,2026-04-11T13:12:32.666000,1775913152666,BTCUSDT,72543.7,0.19,BUY,False
3246152909,2026-04-11T13:12:32.877000,1775913152877,BTCUSDT,72543.7,0.507,BUY,False
3246152910,2026-04-11T13:12:32.877000,1775913152877,BTCUSDT,72543.8,0.081,BUY,False
3246152911,2026-04-11T13:12:32.877000,1775913152877,BTCUSDT,72543.9,0.002,BUY,False
3246152912,2026-04-11T13:12:32.877000,1775913152877,BTCUSDT,72544.0,0.232,BUY,False
3246152913,2026-04-11T13:12:32.878000,1775913152878,BTCUSDT,72544.3,0.002,BUY,False
3246152914,2026-04-11T13:12:32.878000,1775913152878,BTCUSDT,72545.0,0.002,BUY,False
3246152915,2026-04-11T13:12:32.878000,1775913152878,BTCUSDT,72545.2,0.075,BUY,False
3246152916,2026-04-11T13:12:32.878000,1775913152878,BTCUSDT,72545.3,0.009,BUY,False
3246152917,2026-04-11T13:12:32.878000,1775913152878,BTCUSDT,72545.4,0.001,BUY,False
3246152918,2026-04-11T13:12:32.878000,1775913152878,BTCUSDT,72545.5,0.003,BUY,False
3246152919,2026-04-11T13:12:32.878000,1775913152878,BTCUSDT,72545.6,0.002,BUY,False
3246152920,2026-04-11T13:12:32.878000,1775913152878,BTCUSDT,72546.1,0.003,BUY,False
3246152921,2026-04-11T13:12:32.878000,1775913152878,BTCUSDT,72546.4,0.003,BUY,False
3246152922,2026-04-11T13:12:32.878000,1775913152878,BTCUSDT,72546.8,0.002,BUY,False
3246152923,2026-04-11T13:12:32.878000,1775913152878,BTCUSDT,72547.0,0.171,BUY,False
3246152924,2026-04-11T13:12:32.879000,1775913152879,BTCUSDT,72547.2,0.018,BUY,False
3246152925,2026-04-11T13:12:32.880000,1775913152880,BTCUSDT,72547.3,0.002,BUY,False
3246152926,2026-04-11T13:12:32.883000,1775913152883,BTCUSDT,72547.4,0.018,BUY,False
3246152927,2026-04-11T13:12:32.883000,1775913152883,BTCUSDT,72547.8,0.003,BUY,False
3246152928,2026-04-11T13:12:32.888000,1775913152888,BTCUSDT,72548.1,0.095,BUY,False
3246152929,2026-04-11T13:12:32.893000,1775913152893,BTCUSDT,72548.4,0.002,BUY,False
3246152930,2026-04-11T13:12:32.893000,1775913152893,BTCUSDT,72548.9,0.002,BUY,False
3246152931,2026-04-11T13:12:32.893000,1775913152893,BTCUSDT,72549.0,0.027,BUY,False
3246152932,2026-04-11T13:12:33.107000,1775913153107,BTCUSDT,72549.0,0.538,BUY,False
3246152933,2026-04-11T13:12:33.331000,1775913153331,BTCUSDT,72548.9,0.012,SELL,True
3246152934,2026-04-11T13:12:33.462000,1775913153462,BTCUSDT,72549.0,0.137,BUY,False
3246152935,2026-04-11T13:12:33.543000,1775913153543,BTCUSDT,72548.9,0.002,SELL,True
3246152936,2026-04-11T13:12:33.664000,1775913153664,BTCUSDT,72549.0,0.002,BUY,False
3246152937,2026-04-11T13:12:33.820000,1775913153820,BTCUSDT,72549.0,0.057,BUY,False
3246152938,2026-04-11T13:12:33.833000,1775913153833,BTCUSDT,72548.9,0.012,SELL,True
3246152939,2026-04-11T13:12:34.009000,1775913154009,BTCUSDT,72549.0,0.008,BUY,False
3246152940,2026-04-11T13:12:34.152000,1775913154152,BTCUSDT,72549.0,0.017,BUY,False
3246152941,2026-04-11T13:12:34.274000,1775913154274,BTCUSDT,72549.0,0.039,BUY,False
3246152942,2026-04-11T13:12:34.279000,1775913154279,BTCUSDT,72548.9,0.002,SELL,True
3246152943,2026-04-11T13:12:34.694000,1775913154694,BTCUSDT,72549.0,0.028,BUY,False
3246152944,2026-04-11T13:12:34.741000,1775913154741,BTCUSDT,72548.9,0.035,SELL,True
3246152945,2026-04-11T13:12:34.878000,1775913154878,BTCUSDT,72548.9,0.321,SELL,True
3246152946,2026-04-11T13:12:34.986000,1775913154986,BTCUSDT,72549.0,0.002,BUY,False
3246152947,2026-04-11T13:12:35.027000,1775913155027,BTCUSDT,72548.9,0.004,SELL,True
3246152948,2026-04-11T13:12:35.074000,1775913155074,BTCUSDT,72549.0,0.041,BUY,False
3246152949,2026-04-11T13:12:35.185000,1775913155185,BTCUSDT,72549.0,0.174,BUY,False
3246152950,2026-04-11T13:12:35.608000,1775913155608,BTCUSDT,72549.0,0.002,BUY,False
3246152951,2026-04-11T13:12:35.716000,1775913155716,BTCUSDT,72549.0,0.113,BUY,False
3246152952,2026-04-11T13:12:35.732000,1775913155732,BTCUSDT,72548.9,0.002,SELL,True
3246152953,2026-04-11T13:12:36.017000,1775913156017,BTCUSDT,72548.9,0.005,SELL,True
3246152954,2026-04-11T13:12:36.075000,1775913156075,BTCUSDT,72549.0,0.013,BUY,False
3246152955,2026-04-11T13:12:36.214000,1775913156214,BTCUSDT,72549.0,0.372,BUY,False
3246152956,2026-04-11T13:12:36.222000,1775913156222,BTCUSDT,72549.1,0.002,BUY,False
3246152957,2026-04-11T13:12:36.222000,1775913156222,BTCUSDT,72549.2,0.002,BUY,False
3246152958,2026-04-11T13:12:36.222000,1775913156222,BTCUSDT,72549.7,0.002,BUY,False
3246152959,2026-04-11T13:12:36.222000,1775913156222,BTCUSDT,72550.0,0.402,BUY,False
3246152960,2026-04-11T13:12:36.222000,1775913156222,BTCUSDT,72550.1,0.014,BUY,False
3246152961,2026-04-11T13:12:36.222000,1775913156222,BTCUSDT,72550.3,0.002,BUY,False
3246152962,2026-04-11T13:12:36.223000,1775913156223,BTCUSDT,72550.4,0.005,BUY,False
3246152963,2026-04-11T13:12:36.223000,1775913156223,BTCUSDT,72550.6,0.003,BUY,False
3246152964,2026-04-11T13:12:36.223000,1775913156223,BTCUSDT,72550.8,0.004,BUY,False
3246152965,2026-04-11T13:12:36.223000,1775913156223,BTCUSDT,72551.0,0.002,BUY,False
3246152966,2026-04-11T13:12:36.223000,1775913156223,BTCUSDT,72551.2,0.003,BUY,False
3246152967,2026-04-11T13:12:36.223000,1775913156223,BTCUSDT,72551.6,0.001,BUY,False
