agg_trade_id,timestamp_utc,timestamp_ms,symbol,price,quantity,side,is_buyer_maker
3246065618,2026-04-11T09:17:25.788000,1775899045788,BTCUSDT,72734.2,0.043,BUY,False
3246065619,2026-04-11T09:17:25.789000,1775899045789,BTCUSDT,72734.3,1.503,BUY,False
3246065620,2026-04-11T09:17:25.791000,1775899045791,BTCUSDT,72734.4,1.507,BUY,False
3246065621,2026-04-11T09:17:25.791000,1775899045791,BTCUSDT,72734.5,0.001,BUY,False
3246065622,2026-04-11T09:17:25.791000,1775899045791,BTCUSDT,72734.6,0.002,BUY,False
3246065623,2026-04-11T09:17:25.791000,1775899045791,BTCUSDT,72734.8,0.005,BUY,False
3246065624,2026-04-11T09:17:25.791000,1775899045791,BTCUSDT,72734.9,0.002,BUY,False
3246065625,2026-04-11T09:17:25.791000,1775899045791,BTCUSDT,72735.0,1.502,BUY,False
3246065626,2026-04-11T09:17:25.791000,1775899045791,BTCUSDT,72735.1,0.001,BUY,False
3246065627,2026-04-11T09:17:25.791000,1775899045791,BTCUSDT,72735.2,0.002,BUY,False
3246065628,2026-04-11T09:17:25.791000,1775899045791,BTCUSDT,72735.3,0.001,BUY,False
3246065629,2026-04-11T09:17:25.791000,1775899045791,BTCUSDT,72735.4,0.003,BUY,False
3246065630,2026-04-11T09:17:25.791000,1775899045791,BTCUSDT,72735.7,0.001,BUY,False
3246065631,2026-04-11T09:17:25.791000,1775899045791,BTCUSDT,72736.0,0.002,BUY,False
3246065632,2026-04-11T09:17:25.791000,1775899045791,BTCUSDT,72736.1,0.001,BUY,False
3246065633,2026-04-11T09:17:25.791000,1775899045791,BTCUSDT,72736.2,0.002,BUY,False
3246065634,2026-04-11T09:17:25.791000,1775899045791,BTCUSDT,72736.3,0.987,BUY,False
3246065635,2026-04-11T09:17:25.791000,1775899045791,BTCUSDT,72736.4,0.004,BUY,False
3246065636,2026-04-11T09:17:25.791000,1775899045791,BTCUSDT,72736.5,0.002,BUY,False
3246065637,2026-04-11T09:17:25.791000,1775899045791,BTCUSDT,72736.6,0.003,BUY,False
3246065638,2026-04-11T09:17:25.791000,1775899045791,BTCUSDT,72736.9,0.003,BUY,False
3246065639,2026-04-11T09:17:25.791000,1775899045791,BTCUSDT,72737.0,0.003,BUY,False
3246065640,2026-04-11T09:17:25.791000,1775899045791,BTCUSDT,72737.4,0.001,BUY,False
3246065641,2026-04-11T09:17:25.791000,1775899045791,BTCUSDT,72737.5,0.003,BUY,False
3246065642,2026-04-11T09:17:25.791000,1775899045791,BTCUSDT,72737.6,0.001,BUY,False
3246065643,2026-04-11T09:17:25.793000,1775899045793,BTCUSDT,72737.0,0.034,BUY,False
3246065644,2026-04-11T09:17:25.806000,1775899045806,BTCUSDT,72736.6,0.002,BUY,False
3246065645,2026-04-11T09:17:25.806000,1775899045806,BTCUSDT,72737.0,0.002,BUY,False
3246065646,2026-04-11T09:17:25.813000,1775899045813,BTCUSDT,72737.7,0.04,BUY,False
3246065647,2026-04-11T09:17:25.813000,1775899045813,BTCUSDT,72738.0,0.004,BUY,False
3246065648,2026-04-11T09:17:25.813000,1775899045813,BTCUSDT,72738.2,0.004,BUY,False
3246065649,2026-04-11T09:17:25.813000,1775899045813,BTCUSDT,72738.4,0.001,BUY,False
3246065650,2026-04-11T09:17:25.813000,1775899045813,BTCUSDT,72738.6,0.004,BUY,False
3246065651,2026-04-11T09:17:25.813000,1775899045813,BTCUSDT,72738.8,0.012,BUY,False
3246065652,2026-04-11T09:17:25.813000,1775899045813,BTCUSDT,72738.9,0.001,BUY,False
3246065653,2026-04-11T09:17:25.813000,1775899045813,BTCUSDT,72739.2,0.001,BUY,False
3246065654,2026-04-11T09:17:25.813000,1775899045813,BTCUSDT,72739.3,0.002,BUY,False
3246065655,2026-04-11T09:17:25.813000,1775899045813,BTCUSDT,72739.4,0.003,BUY,False
3246065656,2026-04-11T09:17:25.813000,1775899045813,BTCUSDT,72739.6,0.003,BUY,False
3246065657,2026-04-11T09:17:25.813000,1775899045813,BTCUSDT,72739.7,0.001,BUY,False
3246065658,2026-04-11T09:17:25.813000,1775899045813,BTCUSDT,72739.8,0.002,BUY,False
3246065659,2026-04-11T09:17:25.817000,1775899045817,BTCUSDT,72740.0,0.004,BUY,False
3246065660,2026-04-11T09:17:25.817000,1775899045817,BTCUSDT,72740.1,0.003,BUY,False
3246065661,2026-04-11T09:17:25.817000,1775899045817,BTCUSDT,72740.2,0.037,BUY,False
3246065662,2026-04-11T09:17:25.817000,1775899045817,BTCUSDT,72740.3,0.001,BUY,False
3246065663,2026-04-11T09:17:25.817000,1775899045817,BTCUSDT,72740.5,0.045,BUY,False
3246065664,2026-04-11T09:17:25.817000,1775899045817,BTCUSDT,72740.7,0.001,BUY,False
3246065665,2026-04-11T09:17:25.817000,1775899045817,BTCUSDT,72740.8,0.011,BUY,False
3246065666,2026-04-11T09:17:25.817000,1775899045817,BTCUSDT,72740.9,0.001,BUY,False
3246065667,2026-04-11T09:17:25.817000,1775899045817,BTCUSDT,72741.1,0.002,BUY,False
3246065668,2026-04-11T09:17:25.817000,1775899045817,BTCUSDT,72741.2,0.001,BUY,False
3246065669,2026-04-11T09:17:25.817000,1775899045817,BTCUSDT,72741.3,0.002,BUY,False
3246065670,2026-04-11T09:17:25.817000,1775899045817,BTCUSDT,72741.4,0.003,BUY,False
3246065671,2026-04-11T09:17:25.817000,1775899045817,BTCUSDT,72741.5,0.003,BUY,False
3246065672,2026-04-11T09:17:25.817000,1775899045817,BTCUSDT,72741.6,0.004,BUY,False
3246065673,2026-04-11T09:17:25.817000,1775899045817,BTCUSDT,72741.7,0.004,BUY,False
3246065674,2026-04-11T09:17:25.817000,1775899045817,BTCUSDT,72742.0,0.003,BUY,False
3246065675,2026-04-11T09:17:25.817000,1775899045817,BTCUSDT,72742.2,0.002,BUY,False
3246065676,2026-04-11T09:17:25.817000,1775899045817,BTCUSDT,72742.3,0.001,BUY,False
3246065677,2026-04-11T09:17:25.825000,1775899045825,BTCUSDT,72742.1,0.001,BUY,False
3246065678,2026-04-11T09:17:25.825000,1775899045825,BTCUSDT,72742.6,0.004,BUY,False
3246065679,2026-04-11T09:17:25.825000,1775899045825,BTCUSDT,72742.9,0.004,BUY,False
3246065680,2026-04-11T09:17:25.825000,1775899045825,BTCUSDT,72743.0,0.002,BUY,False
3246065681,2026-04-11T09:17:25.825000,1775899045825,BTCUSDT,72743.1,0.001,BUY,False
3246065682,2026-04-11T09:17:25.825000,1775899045825,BTCUSDT,72743.2,0.035,BUY,False
3246065683,2026-04-11T09:17:25.825000,1775899045825,BTCUSDT,72743.3,0.003,BUY,False
3246065684,2026-04-11T09:17:25.825000,1775899045825,BTCUSDT,72743.4,0.023,BUY,False
3246065685,2026-04-11T09:17:25.825000,1775899045825,BTCUSDT,72743.6,0.001,BUY,False
3246065686,2026-04-11T09:17:25.825000,1775899045825,BTCUSDT,72743.9,0.004,BUY,False
3246065687,2026-04-11T09:17:25.825000,1775899045825,BTCUSDT,72744.0,0.002,BUY,False
3246065688,2026-04-11T09:17:25.825000,1775899045825,BTCUSDT,72744.2,0.005,BUY,False
3246065689,2026-04-11T09:17:25.825000,1775899045825,BTCUSDT,72744.3,0.004,BUY,False
3246065690,2026-04-11T09:17:25.825000,1775899045825,BTCUSDT,72744.4,0.004,BUY,False
3246065691,2026-04-11T09:17:25.825000,1775899045825,BTCUSDT,72744.5,0.004,BUY,False
3246065692,2026-04-11T09:17:25.825000,1775899045825,BTCUSDT,72744.7,0.001,BUY,False
3246065693,2026-04-11T09:17:25.825000,1775899045825,BTCUSDT,72745.0,0.002,BUY,False
3246065694,2026-04-11T09:17:25.825000,1775899045825,BTCUSDT,72745.1,0.003,BUY,False
3246065695,2026-04-11T09:17:25.825000,1775899045825,BTCUSDT,72745.2,0.01,BUY,False
3246065696,2026-04-11T09:17:25.825000,1775899045825,BTCUSDT,72745.3,0.005,BUY,False
3246065697,2026-04-11T09:17:25.864000,1775899045864,BTCUSDT,72745.4,0.263,BUY,False
3246065698,2026-04-11T09:17:25.950000,1775899045950,BTCUSDT,72745.5,0.004,BUY,False
3246065699,2026-04-11T09:17:25.950000,1775899045950,BTCUSDT,72745.6,0.002,BUY,False
3246065700,2026-04-11T09:17:25.950000,1775899045950,BTCUSDT,72745.8,0.002,BUY,False
3246065701,2026-04-11T09:17:25.975000,1775899045975,BTCUSDT,72746.1,0.002,BUY,False
3246065702,2026-04-11T09:17:25.979000,1775899045979,BTCUSDT,72746.4,0.005,BUY,False
3246065703,2026-04-11T09:17:25.979000,1775899045979,BTCUSDT,72746.8,0.002,BUY,False
3246065704,2026-04-11T09:17:25.979000,1775899045979,BTCUSDT,72747.0,0.003,BUY,False
3246065705,2026-04-11T09:17:25.979000,1775899045979,BTCUSDT,72747.1,0.003,BUY,False
3246065706,2026-04-11T09:17:25.979000,1775899045979,BTCUSDT,72747.2,0.001,BUY,False
3246065707,2026-04-11T09:17:25.979000,1775899045979,BTCUSDT,72747.3,0.002,BUY,False
3246065708,2026-04-11T09:17:26.005000,1775899046005,BTCUSDT,72747.4,0.618,BUY,False
3246065709,2026-04-11T09:17:26.012000,1775899046012,BTCUSDT,72747.8,0.002,BUY,False
3246065710,2026-04-11T09:17:26.012000,1775899046012,BTCUSDT,72748.0,0.002,BUY,False
3246065711,2026-04-11T09:17:26.012000,1775899046012,BTCUSDT,72748.1,0.002,BUY,False
3246065712,2026-04-11T09:17:26.012000,1775899046012,BTCUSDT,72748.4,0.01,BUY,False
3246065713,2026-04-11T09:17:26.012000,1775899046012,BTCUSDT,72748.5,0.002,BUY,False
3246065714,2026-04-11T09:17:26.012000,1775899046012,BTCUSDT,72748.6,0.003,BUY,False
3246065715,2026-04-11T09:17:26.012000,1775899046012,BTCUSDT,72748.8,0.006,BUY,False
3246065716,2026-04-11T09:17:26.012000,1775899046012,BTCUSDT,72748.9,0.045,BUY,False
3246065717,2026-04-11T09:17:26.012000,1775899046012,BTCUSDT,72749.0,0.002,BUY,False
3246065718,2026-04-11T09:17:26.012000,1775899046012,BTCUSDT,72749.1,0.01,BUY,False
3246065719,2026-04-11T09:17:26.013000,1775899046013,BTCUSDT,72749.2,0.001,BUY,False
3246065720,2026-04-11T09:17:26.013000,1775899046013,BTCUSDT,72749.3,0.006,BUY,False
3246065721,2026-04-11T09:17:26.013000,1775899046013,BTCUSDT,72749.4,0.001,BUY,False
3246065722,2026-04-11T09:17:26.013000,1775899046013,BTCUSDT,72749.6,0.001,BUY,False
3246065723,2026-04-11T09:17:26.013000,1775899046013,BTCUSDT,72749.8,0.003,BUY,False
3246065724,2026-04-11T09:17:26.013000,1775899046013,BTCUSDT,72750.0,0.007,BUY,False
3246065725,2026-04-11T09:17:26.013000,1775899046013,BTCUSDT,72750.1,0.003,BUY,False
3246065726,2026-04-11T09:17:26.027000,1775899046027,BTCUSDT,72750.2,0.039,BUY,False
3246065727,2026-04-11T09:17:26.027000,1775899046027,BTCUSDT,72750.4,0.002,BUY,False
3246065728,2026-04-11T09:17:26.027000,1775899046027,BTCUSDT,72750.6,0.002,BUY,False
3246065729,2026-04-11T09:17:26.027000,1775899046027,BTCUSDT,72750.7,0.003,BUY,False
3246065730,2026-04-11T09:17:26.028000,1775899046028,BTCUSDT,72750.9,0.003,BUY,False
3246065731,2026-04-11T09:17:26.028000,1775899046028,BTCUSDT,72751.0,0.003,BUY,False
3246065732,2026-04-11T09:17:26.028000,1775899046028,BTCUSDT,72751.1,0.001,BUY,False
3246065733,2026-04-11T09:17:26.028000,1775899046028,BTCUSDT,72751.2,0.001,BUY,False
3246065734,2026-04-11T09:17:26.102000,1775899046102,BTCUSDT,72751.3,0.223,BUY,False
3246065735,2026-04-11T09:17:26.254000,1775899046254,BTCUSDT,72751.3,0.099,BUY,False
3246065736,2026-04-11T09:17:26.428000,1775899046428,BTCUSDT,72751.3,0.457,BUY,False
3246065737,2026-04-11T09:17:26.546000,1775899046546,BTCUSDT,72751.3,0.004,BUY,False
3246065738,2026-04-11T09:17:26.674000,1775899046674,BTCUSDT,72751.3,0.225,BUY,False
3246065739,2026-04-11T09:17:26.710000,1775899046710,BTCUSDT,72751.2,0.033,SELL,True
3246065740,2026-04-11T09:17:26.750000,1775899046750,BTCUSDT,72751.3,0.1,BUY,False
3246065741,2026-04-11T09:17:27.098000,1775899047098,BTCUSDT,72751.3,0.28,BUY,False
3246065742,2026-04-11T09:17:27.406000,1775899047406,BTCUSDT,72751.2,0.05,SELL,True
3246065743,2026-04-11T09:17:27.677000,1775899047677,BTCUSDT,72751.3,0.346,BUY,False
3246065744,2026-04-11T09:17:28.028000,1775899048028,BTCUSDT,72751.2,0.054,SELL,True
3246065745,2026-04-11T09:17:28.071000,1775899048071,BTCUSDT,72751.3,0.025,BUY,False
3246065746,2026-04-11T09:17:28.318000,1775899048318,BTCUSDT,72751.2,0.794,SELL,True
3246065747,2026-04-11T09:17:28.318000,1775899048318,BTCUSDT,72751.1,0.004,SELL,True
3246065748,2026-04-11T09:17:28.318000,1775899048318,BTCUSDT,72750.7,0.002,SELL,True
3246065749,2026-04-11T09:17:28.318000,1775899048318,BTCUSDT,72750.6,0.002,SELL,True
3246065750,2026-04-11T09:17:28.318000,1775899048318,BTCUSDT,72750.4,0.002,SELL,True
3246065751,2026-04-11T09:17:28.318000,1775899048318,BTCUSDT,72750.2,0.001,SELL,True
3246065752,2026-04-11T09:17:28.318000,1775899048318,BTCUSDT,72750.1,0.005,SELL,True
3246065753,2026-04-11T09:17:28.318000,1775899048318,BTCUSDT,72750.0,0.001,SELL,True
3246065754,2026-04-11T09:17:28.318000,1775899048318,BTCUSDT,72749.9,0.002,SELL,True
3246065755,2026-04-11T09:17:28.318000,1775899048318,BTCUSDT,72749.6,0.002,SELL,True
3246065756,2026-04-11T09:17:28.318000,1775899048318,BTCUSDT,72749.5,0.002,SELL,True
3246065757,2026-04-11T09:17:28.318000,1775899048318,BTCUSDT,72749.4,0.001,SELL,True
3246065758,2026-04-11T09:17:28.318000,1775899048318,BTCUSDT,72749.1,0.003,SELL,True
3246065759,2026-04-11T09:17:28.318000,1775899048318,BTCUSDT,72749.0,0.002,SELL,True
3246065760,2026-04-11T09:17:28.318000,1775899048318,BTCUSDT,72748.9,0.026,SELL,True
3246065761,2026-04-11T09:17:28.318000,1775899048318,BTCUSDT,72748.8,0.003,SELL,True
3246065762,2026-04-11T09:17:28.318000,1775899048318,BTCUSDT,72748.7,0.008,SELL,True
3246065763,2026-04-11T09:17:28.318000,1775899048318,BTCUSDT,72748.6,0.004,SELL,True
3246065764,2026-04-11T09:17:28.318000,1775899048318,BTCUSDT,72748.5,0.002,SELL,True
3246065765,2026-04-11T09:17:28.318000,1775899048318,BTCUSDT,72748.4,0.005,SELL,True
3246065766,2026-04-11T09:17:28.318000,1775899048318,BTCUSDT,72748.3,0.003,SELL,True
3246065767,2026-04-11T09:17:28.318000,1775899048318,BTCUSDT,72748.0,0.004,SELL,True
3246065768,2026-04-11T09:17:28.318000,1775899048318,BTCUSDT,72747.8,0.001,SELL,True
3246065769,2026-04-11T09:17:28.318000,1775899048318,BTCUSDT,72747.7,0.005,SELL,True
3246065770,2026-04-11T09:17:28.318000,1775899048318,BTCUSDT,72747.6,0.138,SELL,True
3246065771,2026-04-11T09:17:28.318000,1775899048318,BTCUSDT,72747.4,0.005,SELL,True
3246065772,2026-04-11T09:17:28.318000,1775899048318,BTCUSDT,72747.3,0.004,SELL,True
3246065773,2026-04-11T09:17:28.318000,1775899048318,BTCUSDT,72747.2,0.001,SELL,True
3246065774,2026-04-11T09:17:28.318000,1775899048318,BTCUSDT,72747.0,0.003,SELL,True
3246065775,2026-04-11T09:17:28.318000,1775899048318,BTCUSDT,72746.9,0.003,SELL,True
3246065776,2026-04-11T09:17:28.318000,1775899048318,BTCUSDT,72746.8,0.095,SELL,True
3246065777,2026-04-11T09:17:28.318000,1775899048318,BTCUSDT,72746.7,0.003,SELL,True
3246065778,2026-04-11T09:17:28.318000,1775899048318,BTCUSDT,72746.6,0.001,SELL,True
3246065779,2026-04-11T09:17:28.318000,1775899048318,BTCUSDT,72746.5,0.002,SELL,True
3246065780,2026-04-11T09:17:28.318000,1775899048318,BTCUSDT,72746.4,0.754,SELL,True
3246065781,2026-04-11T09:17:28.318000,1775899048318,BTCUSDT,72746.3,0.692,SELL,True
3246065782,2026-04-11T09:17:28.318000,1775899048318,BTCUSDT,72746.2,0.001,SELL,True
3246065783,2026-04-11T09:17:28.318000,1775899048318,BTCUSDT,72746.1,0.024,SELL,True
3246065784,2026-04-11T09:17:28.418000,1775899048418,BTCUSDT,72746.2,0.012,BUY,False
3246065785,2026-04-11T09:17:28.568000,1775899048568,BTCUSDT,72746.1,0.045,SELL,True
3246065786,2026-04-11T09:17:28.625000,1775899048625,BTCUSDT,72746.0,0.018,SELL,True
3246065787,2026-04-11T09:17:28.625000,1775899048625,BTCUSDT,72745.3,0.157,SELL,True
3246065788,2026-04-11T09:17:28.677000,1775899048677,BTCUSDT,72745.3,0.076,BUY,False
3246065789,2026-04-11T09:17:28.806000,1775899048806,BTCUSDT,72745.3,0.002,BUY,False
3246065790,2026-04-11T09:17:29.012000,1775899049012,BTCUSDT,72745.3,0.066,BUY,False
3246065791,2026-04-11T09:17:29.117000,1775899049117,BTCUSDT,72745.3,0.002,BUY,False
3246065792,2026-04-11T09:17:29.409000,1775899049409,BTCUSDT,72745.2,0.009,SELL,True
3246065793,2026-04-11T09:17:29.713000,1775899049713,BTCUSDT,72745.3,0.563,BUY,False
3246065794,2026-04-11T09:17:29.796000,1775899049796,BTCUSDT,72745.2,0.036,SELL,True
3246065795,2026-04-11T09:17:29.985000,1775899049985,BTCUSDT,72745.3,1.607,BUY,False
3246065796,2026-04-11T09:17:30.234000,1775899050234,BTCUSDT,72745.3,0.002,BUY,False
3246065797,2026-04-11T09:17:30.302000,1775899050302,BTCUSDT,72745.2,0.004,SELL,True
3246065798,2026-04-11T09:17:30.520000,1775899050520,BTCUSDT,72745.2,0.143,SELL,True
3246065799,2026-04-11T09:17:30.790000,1775899050790,BTCUSDT,72745.2,0.019,SELL,True
3246065800,2026-04-11T09:17:30.815000,1775899050815,BTCUSDT,72745.3,0.01,BUY,False
3246065801,2026-04-11T09:17:30.965000,1775899050965,BTCUSDT,72745.3,0.786,BUY,False
3246065802,2026-04-11T09:17:31.397000,1775899051397,BTCUSDT,72745.3,0.096,BUY,False
3246065803,2026-04-11T09:17:31.578000,1775899051578,BTCUSDT,72745.3,0.018,BUY,False
3246065804,2026-04-11T09:17:31.683000,1775899051683,BTCUSDT,72745.3,0.089,BUY,False
3246065805,2026-04-11T09:17:31.990000,1775899051990,BTCUSDT,72745.3,0.002,BUY,False
3246065806,2026-04-11T09:17:32.091000,1775899052091,BTCUSDT,72745.3,2.136,BUY,False
3246065807,2026-04-11T09:17:32.181000,1775899052181,BTCUSDT,72745.4,0.007,BUY,False
3246065808,2026-04-11T09:17:32.181000,1775899052181,BTCUSDT,72745.5,0.002,BUY,False
3246065809,2026-04-11T09:17:32.181000,1775899052181,BTCUSDT,72745.6,0.002,BUY,False
3246065810,2026-04-11T09:17:32.181000,1775899052181,BTCUSDT,72746.2,0.694,BUY,False
3246065811,2026-04-11T09:17:32.421000,1775899052421,BTCUSDT,72746.2,0.124,BUY,False
3246065812,2026-04-11T09:17:33.019000,1775899053019,BTCUSDT,72746.1,0.004,SELL,True
3246065813,2026-04-11T09:17:33.025000,1775899053025,BTCUSDT,72746.2,0.26,BUY,False
3246065814,2026-04-11T09:17:33.025000,1775899053025,BTCUSDT,72746.5,0.002,BUY,False
3246065815,2026-04-11T09:17:33.025000,1775899053025,BTCUSDT,72746.6,0.002,BUY,False
3246065816,2026-04-11T09:17:33.025000,1775899053025,BTCUSDT,72746.7,0.005,BUY,False
3246065817,2026-04-11T09:17:33.025000,1775899053025,BTCUSDT,72747.0,0.002,BUY,False
3246065818,2026-04-11T09:17:33.025000,1775899053025,BTCUSDT,72747.2,0.001,BUY,False
3246065819,2026-04-11T09:17:33.025000,1775899053025,BTCUSDT,72747.3,0.002,BUY,False
3246065820,2026-04-11T09:17:33.025000,1775899053025,BTCUSDT,72747.8,0.002,BUY,False
3246065821,2026-04-11T09:17:33.025000,1775899053025,BTCUSDT,72748.0,0.004,BUY,False
3246065822,2026-04-11T09:17:33.025000,1775899053025,BTCUSDT,72748.1,0.002,BUY,False
3246065823,2026-04-11T09:17:33.025000,1775899053025,BTCUSDT,72748.3,0.002,BUY,False
3246065824,2026-04-11T09:17:33.025000,1775899053025,BTCUSDT,72748.4,0.001,BUY,False
3246065825,2026-04-11T09:17:33.025000,1775899053025,BTCUSDT,72748.6,0.008,BUY,False
3246065826,2026-04-11T09:17:33.025000,1775899053025,BTCUSDT,72748.7,0.009,BUY,False
3246065827,2026-04-11T09:17:33.025000,1775899053025,BTCUSDT,72748.8,0.008,BUY,False
3246065828,2026-04-11T09:17:33.064000,1775899053064,BTCUSDT,72749.1,0.183,BUY,False
3246065829,2026-04-11T09:17:33.439000,1775899053439,BTCUSDT,72749.0,0.006,SELL,True
3246065830,2026-04-11T09:17:33.456000,1775899053456,BTCUSDT,72749.1,0.074,BUY,False
3246065831,2026-04-11T09:17:33.456000,1775899053456,BTCUSDT,72749.2,0.002,BUY,False
3246065832,2026-04-11T09:17:33.541000,1775899053541,BTCUSDT,72749.3,0.603,BUY,False
3246065833,2026-04-11T09:17:33.541000,1775899053541,BTCUSDT,72749.4,0.004,BUY,False
3246065834,2026-04-11T09:17:33.541000,1775899053541,BTCUSDT,72749.7,0.002,BUY,False
3246065835,2026-04-11T09:17:33.541000,1775899053541,BTCUSDT,72749.8,0.002,BUY,False
3246065836,2026-04-11T09:17:33.541000,1775899053541,BTCUSDT,72750.0,0.002,BUY,False
3246065837,2026-04-11T09:17:33.541000,1775899053541,BTCUSDT,72750.3,0.003,BUY,False
3246065838,2026-04-11T09:17:33.541000,1775899053541,BTCUSDT,72750.4,0.003,BUY,False
3246065839,2026-04-11T09:17:33.541000,1775899053541,BTCUSDT,72750.5,0.002,BUY,False
3246065840,2026-04-11T09:17:33.541000,1775899053541,BTCUSDT,72750.6,0.002,BUY,False
3246065841,2026-04-11T09:17:33.541000,1775899053541,BTCUSDT,72750.7,0.001,BUY,False
3246065842,2026-04-11T09:17:33.541000,1775899053541,BTCUSDT,72750.8,0.003,BUY,False
3246065843,2026-04-11T09:17:33.541000,1775899053541,BTCUSDT,72751.1,0.001,BUY,False
3246065844,2026-04-11T09:17:33.541000,1775899053541,BTCUSDT,72751.2,0.002,BUY,False
3246065845,2026-04-11T09:17:33.588000,1775899053588,BTCUSDT,72751.3,0.587,BUY,False
3246065846,2026-04-11T09:17:33.762000,1775899053762,BTCUSDT,72751.3,1.203,BUY,False
3246065847,2026-04-11T09:17:33.772000,1775899053772,BTCUSDT,72751.4,0.002,BUY,False
3246065848,2026-04-11T09:17:33.781000,1775899053781,BTCUSDT,72751.6,0.002,BUY,False
3246065849,2026-04-11T09:17:33.781000,1775899053781,BTCUSDT,72751.7,0.006,BUY,False
3246065850,2026-04-11T09:17:33.781000,1775899053781,BTCUSDT,72751.8,0.002,BUY,False
3246065851,2026-04-11T09:17:33.781000,1775899053781,BTCUSDT,72751.9,0.014,BUY,False
3246065852,2026-04-11T09:17:33.781000,1775899053781,BTCUSDT,72752.2,0.001,BUY,False
3246065853,2026-04-11T09:17:33.781000,1775899053781,BTCUSDT,72752.4,0.002,BUY,False
3246065854,2026-04-11T09:17:33.789000,1775899053789,BTCUSDT,72752.6,0.008,BUY,False
3246065855,2026-04-11T09:17:33.789000,1775899053789,BTCUSDT,72752.7,0.002,BUY,False
3246065856,2026-04-11T09:17:33.789000,1775899053789,BTCUSDT,72752.8,0.002,BUY,False
3246065857,2026-04-11T09:17:33.789000,1775899053789,BTCUSDT,72752.9,0.003,BUY,False
3246065858,2026-04-11T09:17:33.880000,1775899053880,BTCUSDT,72753.0,0.04,BUY,False
3246065859,2026-04-11T09:17:34.023000,1775899054023,BTCUSDT,72753.0,0.011,BUY,False
3246065860,2026-04-11T09:17:34.446000,1775899054446,BTCUSDT,72753.0,0.003,BUY,False
3246065861,2026-04-11T09:17:34.616000,1775899054616,BTCUSDT,72752.9,0.015,SELL,True
3246065862,2026-04-11T09:17:34.696000,1775899054696,BTCUSDT,72753.0,0.387,BUY,False
3246065863,2026-04-11T09:17:35.014000,1775899055014,BTCUSDT,72753.0,0.037,BUY,False
3246065864,2026-04-11T09:17:35.268000,1775899055268,BTCUSDT,72753.0,0.213,BUY,False
3246065865,2026-04-11T09:17:35.446000,1775899055446,BTCUSDT,72752.9,0.046,SELL,True
3246065866,2026-04-11T09:17:35.486000,1775899055486,BTCUSDT,72753.0,0.022,BUY,False
3246065867,2026-04-11T09:17:35.819000,1775899055819,BTCUSDT,72752.9,0.082,SELL,True
3246065868,2026-04-11T09:17:35.957000,1775899055957,BTCUSDT,72753.0,0.128,BUY,False
3246065869,2026-04-11T09:17:36.050000,1775899056050,BTCUSDT,72752.9,0.219,SELL,True
3246065870,2026-04-11T09:17:36.315000,1775899056315,BTCUSDT,72752.9,0.016,SELL,True
3246065871,2026-04-11T09:17:36.424000,1775899056424,BTCUSDT,72752.9,0.022,SELL,True
3246065872,2026-04-11T09:17:36.491000,1775899056491,BTCUSDT,72753.0,0.075,BUY,False
3246065873,2026-04-11T09:17:36.733000,1775899056733,BTCUSDT,72752.9,0.049,SELL,True
3246065874,2026-04-11T09:17:36.894000,1775899056894,BTCUSDT,72753.0,0.013,BUY,False
3246065875,2026-04-11T09:17:37.100000,1775899057100,BTCUSDT,72752.9,0.068,SELL,True
3246065876,2026-04-11T09:17:37.168000,1775899057168,BTCUSDT,72753.0,0.004,BUY,False
3246065877,2026-04-11T09:17:37.297000,1775899057297,BTCUSDT,72753.0,0.025,BUY,False
3246065878,2026-04-11T09:17:37.731000,1775899057731,BTCUSDT,72753.0,0.072,BUY,False
3246065879,2026-04-11T09:17:37.845000,1775899057845,BTCUSDT,72752.9,0.006,SELL,True
3246065880,2026-04-11T09:17:38.437000,1775899058437,BTCUSDT,72752.9,0.041,SELL,True
3246065881,2026-04-11T09:17:38.459000,1775899058459,BTCUSDT,72753.0,0.002,BUY,False
3246065882,2026-04-11T09:17:38.771000,1775899058771,BTCUSDT,72753.0,0.013,BUY,False
3246065883,2026-04-11T09:17:38.901000,1775899058901,BTCUSDT,72753.0,0.068,BUY,False
3246065884,2026-04-11T09:17:38.910000,1775899058910,BTCUSDT,72752.9,0.218,SELL,True
3246065885,2026-04-11T09:17:38.956000,1775899058956,BTCUSDT,72753.0,0.008,BUY,False
3246065886,2026-04-11T09:17:39.054000,1775899059054,BTCUSDT,72752.9,0.659,SELL,True
3246065887,2026-04-11T09:17:39.054000,1775899059054,BTCUSDT,72752.8,0.004,SELL,True
3246065888,2026-04-11T09:17:39.054000,1775899059054,BTCUSDT,72752.5,0.002,SELL,True
3246065889,2026-04-11T09:17:39.054000,1775899059054,BTCUSDT,72752.4,0.002,SELL,True
3246065890,2026-04-11T09:17:39.054000,1775899059054,BTCUSDT,72752.0,0.001,SELL,True
3246065891,2026-04-11T09:17:39.054000,1775899059054,BTCUSDT,72751.8,0.002,SELL,True
3246065892,2026-04-11T09:17:39.054000,1775899059054,BTCUSDT,72751.7,0.001,SELL,True
3246065893,2026-04-11T09:17:39.054000,1775899059054,BTCUSDT,72751.5,0.128,SELL,True
3246065894,2026-04-11T09:17:39.054000,1775899059054,BTCUSDT,72751.2,0.026,SELL,True
3246065895,2026-04-11T09:17:39.081000,1775899059081,BTCUSDT,72751.3,0.06,BUY,False
3246065896,2026-04-11T09:17:39.086000,1775899059086,BTCUSDT,72751.2,0.017,SELL,True
3246065897,2026-04-11T09:17:39.086000,1775899059086,BTCUSDT,72751.1,0.005,SELL,True
3246065898,2026-04-11T09:17:39.086000,1775899059086,BTCUSDT,72750.6,0.002,SELL,True
3246065899,2026-04-11T09:17:39.086000,1775899059086,BTCUSDT,72750.5,0.005,SELL,True
3246065900,2026-04-11T09:17:39.090000,1775899059090,BTCUSDT,72750.1,0.007,SELL,True
3246065901,2026-04-11T09:17:39.090000,1775899059090,BTCUSDT,72749.7,0.002,SELL,True
3246065902,2026-04-11T09:17:39.284000,1775899059284,BTCUSDT,72749.2,0.006,BUY,False
3246065903,2026-04-11T09:17:39.681000,1775899059681,BTCUSDT,72749.2,2.084,BUY,False
3246065904,2026-04-11T09:17:40.254000,1775899060254,BTCUSDT,72749.2,0.192,BUY,False
3246065905,2026-04-11T09:17:40.612000,1775899060612,BTCUSDT,72749.2,0.003,BUY,False
3246065906,2026-04-11T09:17:41.080000,1775899061080,BTCUSDT,72749.2,0.068,BUY,False
3246065907,2026-04-11T09:17:41.198000,1775899061198,BTCUSDT,72749.2,0.602,BUY,False
3246065908,2026-04-11T09:17:41.625000,1775899061625,BTCUSDT,72749.2,0.059,BUY,False
3246065909,2026-04-11T09:17:42.096000,1775899062096,BTCUSDT,72749.2,0.016,BUY,False
3246065910,2026-04-11T09:17:42.120000,1775899062120,BTCUSDT,72749.1,0.225,SELL,True
3246065911,2026-04-11T09:17:42.120000,1775899062120,BTCUSDT,72749.0,0.006,SELL,True
3246065912,2026-04-11T09:17:42.122000,1775899062122,BTCUSDT,72748.8,0.006,SELL,True
3246065913,2026-04-11T09:17:42.123000,1775899062123,BTCUSDT,72748.4,0.002,SELL,True
3246065914,2026-04-11T09:17:42.123000,1775899062123,BTCUSDT,72748.2,0.003,SELL,True
3246065915,2026-04-11T09:17:42.123000,1775899062123,BTCUSDT,72747.9,0.002,SELL,True
3246065916,2026-04-11T09:17:42.123000,1775899062123,BTCUSDT,72747.8,0.001,SELL,True
3246065917,2026-04-11T09:17:42.123000,1775899062123,BTCUSDT,72747.5,0.008,SELL,True
3246065918,2026-04-11T09:17:42.123000,1775899062123,BTCUSDT,72747.4,0.006,SELL,True
3246065919,2026-04-11T09:17:42.128000,1775899062128,BTCUSDT,72747.0,0.031,SELL,True
3246065920,2026-04-11T09:17:42.141000,1775899062141,BTCUSDT,72746.8,0.002,SELL,True
3246065921,2026-04-11T09:17:42.141000,1775899062141,BTCUSDT,72746.7,0.013,SELL,True
3246065922,2026-04-11T09:17:42.141000,1775899062141,BTCUSDT,72746.6,0.005,SELL,True
3246065923,2026-04-11T09:17:42.141000,1775899062141,BTCUSDT,72746.5,0.003,SELL,True
3246065924,2026-04-11T09:17:42.143000,1775899062143,BTCUSDT,72746.1,0.032,SELL,True
3246065925,2026-04-11T09:17:42.435000,1775899062435,BTCUSDT,72746.2,0.536,BUY,False
3246065926,2026-04-11T09:17:42.485000,1775899062485,BTCUSDT,72746.1,0.014,SELL,True
3246065927,2026-04-11T09:17:42.485000,1775899062485,BTCUSDT,72745.6,0.002,SELL,True
3246065928,2026-04-11T09:17:42.485000,1775899062485,BTCUSDT,72745.5,0.004,SELL,True
3246065929,2026-04-11T09:17:42.558000,1775899062558,BTCUSDT,72745.4,0.2,BUY,False
3246065930,2026-04-11T09:17:42.676000,1775899062676,BTCUSDT,72745.4,0.072,BUY,False
3246065931,2026-04-11T09:17:42.955000,1775899062955,BTCUSDT,72745.4,0.789,BUY,False
3246065932,2026-04-11T09:17:43.308000,1775899063308,BTCUSDT,72745.4,0.002,BUY,False
3246065933,2026-04-11T09:17:43.654000,1775899063654,BTCUSDT,72745.4,0.041,BUY,False
3246065934,2026-04-11T09:17:43.869000,1775899063869,BTCUSDT,72745.3,0.002,SELL,True
3246065935,2026-04-11T09:17:43.999000,1775899063999,BTCUSDT,72745.4,0.2,BUY,False
3246065936,2026-04-11T09:17:44.259000,1775899064259,BTCUSDT,72745.4,0.859,BUY,False
3246065937,2026-04-11T09:17:44.387000,1775899064387,BTCUSDT,72745.4,0.002,BUY,False
3246065938,2026-04-11T09:17:44.659000,1775899064659,BTCUSDT,72745.4,0.026,BUY,False
3246065939,2026-04-11T09:17:44.795000,1775899064795,BTCUSDT,72745.4,0.094,BUY,False
3246065940,2026-04-11T09:17:44.901000,1775899064901,BTCUSDT,72745.4,0.155,BUY,False
3246065941,2026-04-11T09:17:45.033000,1775899065033,BTCUSDT,72745.4,0.02,BUY,False
3246065942,2026-04-11T09:17:45.138000,1775899065138,BTCUSDT,72745.4,0.088,BUY,False
3246065943,2026-04-11T09:17:45.138000,1775899065138,BTCUSDT,72745.5,0.002,BUY,False
3246065944,2026-04-11T09:17:45.138000,1775899065138,BTCUSDT,72745.8,0.002,BUY,False
3246065945,2026-04-11T09:17:45.138000,1775899065138,BTCUSDT,72745.9,0.002,BUY,False
3246065946,2026-04-11T09:17:45.138000,1775899065138,BTCUSDT,72746.2,0.003,BUY,False
3246065947,2026-04-11T09:17:45.138000,1775899065138,BTCUSDT,72746.3,0.001,BUY,False
3246065948,2026-04-11T09:17:45.138000,1775899065138,BTCUSDT,72746.6,0.002,BUY,False
3246065949,2026-04-11T09:17:45.138000,1775899065138,BTCUSDT,72746.7,0.014,BUY,False
3246065950,2026-04-11T09:17:45.138000,1775899065138,BTCUSDT,72746.8,0.002,BUY,False
3246065951,2026-04-11T09:17:45.138000,1775899065138,BTCUSDT,72746.9,0.002,BUY,False
3246065952,2026-04-11T09:17:45.138000,1775899065138,BTCUSDT,72747.1,0.001,BUY,False
3246065953,2026-04-11T09:17:45.138000,1775899065138,BTCUSDT,72747.2,0.001,BUY,False
3246065954,2026-04-11T09:17:45.138000,1775899065138,BTCUSDT,72747.5,0.023,BUY,False
3246065955,2026-04-11T09:17:45.138000,1775899065138,BTCUSDT,72747.6,0.003,BUY,False
3246065956,2026-04-11T09:17:45.138000,1775899065138,BTCUSDT,72748.0,0.003,BUY,False
3246065957,2026-04-11T09:17:45.138000,1775899065138,BTCUSDT,72748.2,0.095,BUY,False
3246065958,2026-04-11T09:17:45.138000,1775899065138,BTCUSDT,72748.3,0.002,BUY,False
3246065959,2026-04-11T09:17:45.138000,1775899065138,BTCUSDT,72748.4,0.001,BUY,False
3246065960,2026-04-11T09:17:45.138000,1775899065138,BTCUSDT,72748.6,0.005,BUY,False
3246065961,2026-04-11T09:17:45.138000,1775899065138,BTCUSDT,72748.8,0.003,BUY,False
3246065962,2026-04-11T09:17:45.138000,1775899065138,BTCUSDT,72748.9,0.003,BUY,False
3246065963,2026-04-11T09:17:45.138000,1775899065138,BTCUSDT,72749.0,0.001,BUY,False
3246065964,2026-04-11T09:17:45.138000,1775899065138,BTCUSDT,72749.1,0.005,BUY,False
3246065965,2026-04-11T09:17:45.138000,1775899065138,BTCUSDT,72749.2,0.023,BUY,False
3246065966,2026-04-11T09:17:45.138000,1775899065138,BTCUSDT,72749.3,0.001,BUY,False
3246065967,2026-04-11T09:17:45.141000,1775899065141,BTCUSDT,72749.4,0.04,BUY,False
3246065968,2026-04-11T09:17:45.683000,1775899065683,BTCUSDT,72749.3,0.033,SELL,True
3246065969,2026-04-11T09:17:45.756000,1775899065756,BTCUSDT,72749.4,0.003,BUY,False
3246065970,2026-04-11T09:17:45.964000,1775899065964,BTCUSDT,72749.4,0.032,BUY,False
3246065971,2026-04-11T09:17:46.646000,1775899066646,BTCUSDT,72749.4,0.219,BUY,False
3246065972,2026-04-11T09:17:47.104000,1775899067104,BTCUSDT,72749.4,0.041,BUY,False
3246065973,2026-04-11T09:17:47.160000,1775899067160,BTCUSDT,72749.3,0.001,SELL,True
3246065974,2026-04-11T09:17:47.169000,1775899067169,BTCUSDT,72749.4,0.067,BUY,False
3246065975,2026-04-11T09:17:48.147000,1775899068147,BTCUSDT,72749.4,0.008,BUY,False
3246065976,2026-04-11T09:17:48.353000,1775899068353,BTCUSDT,72749.4,0.495,BUY,False
3246065977,2026-04-11T09:17:48.646000,1775899068646,BTCUSDT,72749.4,0.746,BUY,False
3246065978,2026-04-11T09:17:48.977000,1775899068977,BTCUSDT,72749.4,0.068,BUY,False
3246065979,2026-04-11T09:17:49.286000,1775899069286,BTCUSDT,72749.3,0.001,SELL,True
3246065980,2026-04-11T09:17:49.447000,1775899069447,BTCUSDT,72749.4,0.002,BUY,False
3246065981,2026-04-11T09:17:49.588000,1775899069588,BTCUSDT,72749.3,0.002,SELL,True
3246065982,2026-04-11T09:17:49.589000,1775899069589,BTCUSDT,72749.4,0.079,BUY,False
3246065983,2026-04-11T09:17:49.773000,1775899069773,BTCUSDT,72749.4,0.003,BUY,False
3246065984,2026-04-11T09:17:49.811000,1775899069811,BTCUSDT,72749.3,1.0,SELL,True
3246065985,2026-04-11T09:17:49.986000,1775899069986,BTCUSDT,72749.4,0.011,BUY,False
3246065986,2026-04-11T09:17:50.375000,1775899070375,BTCUSDT,72749.3,1.558,SELL,True
3246065987,2026-04-11T09:17:50.375000,1775899070375,BTCUSDT,72749.2,0.163,SELL,True
3246065988,2026-04-11T09:17:50.385000,1775899070385,BTCUSDT,72749.1,0.008,SELL,True
3246065989,2026-04-11T09:17:50.387000,1775899070387,BTCUSDT,72749.0,0.002,SELL,True
3246065990,2026-04-11T09:17:50.387000,1775899070387,BTCUSDT,72748.9,0.002,SELL,True
3246065991,2026-04-11T09:17:50.387000,1775899070387,BTCUSDT,72748.8,0.002,SELL,True
3246065992,2026-04-11T09:17:50.387000,1775899070387,BTCUSDT,72748.2,0.002,SELL,True
3246065993,2026-04-11T09:17:50.387000,1775899070387,BTCUSDT,72747.8,0.002,SELL,True
3246065994,2026-04-11T09:17:50.387000,1775899070387,BTCUSDT,72747.6,0.003,SELL,True
3246065995,2026-04-11T09:17:50.387000,1775899070387,BTCUSDT,72747.5,0.001,SELL,True
3246065996,2026-04-11T09:17:50.387000,1775899070387,BTCUSDT,72746.9,0.003,SELL,True
3246065997,2026-04-11T09:17:50.387000,1775899070387,BTCUSDT,72746.8,0.003,SELL,True
3246065998,2026-04-11T09:17:50.391000,1775899070391,BTCUSDT,72745.5,0.011,SELL,True
3246065999,2026-04-11T09:17:50.395000,1775899070395,BTCUSDT,72745.4,0.003,BUY,False
3246066000,2026-04-11T09:17:50.426000,1775899070426,BTCUSDT,72745.3,0.038,SELL,True
3246066001,2026-04-11T09:17:50.428000,1775899070428,BTCUSDT,72745.2,0.004,SELL,True
3246066002,2026-04-11T09:17:50.428000,1775899070428,BTCUSDT,72745.1,0.002,SELL,True
3246066003,2026-04-11T09:17:50.428000,1775899070428,BTCUSDT,72744.9,0.002,SELL,True
3246066004,2026-04-11T09:17:50.428000,1775899070428,BTCUSDT,72744.8,0.002,SELL,True
3246066005,2026-04-11T09:17:50.428000,1775899070428,BTCUSDT,72744.5,0.002,SELL,True
3246066006,2026-04-11T09:17:50.431000,1775899070431,BTCUSDT,72744.4,0.007,SELL,True
3246066007,2026-04-11T09:17:50.431000,1775899070431,BTCUSDT,72744.5,0.002,BUY,False
3246066008,2026-04-11T09:17:50.431000,1775899070431,BTCUSDT,72744.4,0.019,SELL,True
3246066009,2026-04-11T09:17:50.898000,1775899070898,BTCUSDT,72744.5,0.1,BUY,False
3246066010,2026-04-11T09:17:51.210000,1775899071210,BTCUSDT,72744.5,0.007,BUY,False
3246066011,2026-04-11T09:17:51.329000,1775899071329,BTCUSDT,72744.5,0.08,BUY,False
3246066012,2026-04-11T09:17:51.329000,1775899071329,BTCUSDT,72744.6,0.002,BUY,False
3246066013,2026-04-11T09:17:51.329000,1775899071329,BTCUSDT,72744.9,0.002,BUY,False
3246066014,2026-04-11T09:17:51.329000,1775899071329,BTCUSDT,72745.0,0.002,BUY,False
3246066015,2026-04-11T09:17:51.329000,1775899071329,BTCUSDT,72745.4,0.001,BUY,False
3246066016,2026-04-11T09:17:51.329000,1775899071329,BTCUSDT,72745.5,0.001,BUY,False
3246066017,2026-04-11T09:17:51.329000,1775899071329,BTCUSDT,72745.6,0.015,BUY,False
3246066018,2026-04-11T09:17:51.329000,1775899071329,BTCUSDT,72745.7,0.001,BUY,False
3246066019,2026-04-11T09:17:51.329000,1775899071329,BTCUSDT,72745.9,0.002,BUY,False
3246066020,2026-04-11T09:17:51.329000,1775899071329,BTCUSDT,72746.0,0.001,BUY,False
3246066021,2026-04-11T09:17:51.329000,1775899071329,BTCUSDT,72746.3,0.003,BUY,False
3246066022,2026-04-11T09:17:51.329000,1775899071329,BTCUSDT,72746.5,0.003,BUY,False
3246066023,2026-04-11T09:17:51.329000,1775899071329,BTCUSDT,72746.8,0.074,BUY,False
3246066024,2026-04-11T09:17:51.329000,1775899071329,BTCUSDT,72746.9,0.003,BUY,False
3246066025,2026-04-11T09:17:51.329000,1775899071329,BTCUSDT,72747.0,0.001,BUY,False
3246066026,2026-04-11T09:17:51.329000,1775899071329,BTCUSDT,72747.4,0.001,BUY,False
3246066027,2026-04-11T09:17:51.329000,1775899071329,BTCUSDT,72747.5,0.043,BUY,False
3246066028,2026-04-11T09:17:51.329000,1775899071329,BTCUSDT,72747.6,0.003,BUY,False
3246066029,2026-04-11T09:17:51.329000,1775899071329,BTCUSDT,72747.7,0.002,BUY,False
3246066030,2026-04-11T09:17:51.329000,1775899071329,BTCUSDT,72747.9,0.001,BUY,False
3246066031,2026-04-11T09:17:51.329000,1775899071329,BTCUSDT,72748.2,0.001,BUY,False
3246066032,2026-04-11T09:17:51.329000,1775899071329,BTCUSDT,72748.3,0.003,BUY,False
3246066033,2026-04-11T09:17:51.329000,1775899071329,BTCUSDT,72748.4,0.001,BUY,False
3246066034,2026-04-11T09:17:51.329000,1775899071329,BTCUSDT,72748.6,0.001,BUY,False
3246066035,2026-04-11T09:17:51.329000,1775899071329,BTCUSDT,72748.8,0.004,BUY,False
3246066036,2026-04-11T09:17:51.329000,1775899071329,BTCUSDT,72748.9,0.003,BUY,False
3246066037,2026-04-11T09:17:51.383000,1775899071383,BTCUSDT,72749.0,0.451,BUY,False
3246066038,2026-04-11T09:17:51.479000,1775899071479,BTCUSDT,72749.1,0.004,BUY,False
3246066039,2026-04-11T09:17:51.479000,1775899071479,BTCUSDT,72749.2,0.002,BUY,False
3246066040,2026-04-11T09:17:51.479000,1775899071479,BTCUSDT,72749.3,0.072,BUY,False
3246066041,2026-04-11T09:17:51.479000,1775899071479,BTCUSDT,72749.4,0.062,BUY,False
3246066042,2026-04-11T09:17:51.479000,1775899071479,BTCUSDT,72749.5,0.002,BUY,False
3246066043,2026-04-11T09:17:51.479000,1775899071479,BTCUSDT,72749.6,0.005,BUY,False
3246066044,2026-04-11T09:17:51.479000,1775899071479,BTCUSDT,72749.8,0.003,BUY,False
3246066045,2026-04-11T09:17:51.479000,1775899071479,BTCUSDT,72750.0,0.011,BUY,False
3246066046,2026-04-11T09:17:51.479000,1775899071479,BTCUSDT,72750.2,0.001,BUY,False
3246066047,2026-04-11T09:17:51.479000,1775899071479,BTCUSDT,72750.3,0.002,BUY,False
3246066048,2026-04-11T09:17:51.479000,1775899071479,BTCUSDT,72750.4,0.003,BUY,False
3246066049,2026-04-11T09:17:51.479000,1775899071479,BTCUSDT,72750.5,0.001,BUY,False
3246066050,2026-04-11T09:17:51.479000,1775899071479,BTCUSDT,72750.6,0.002,BUY,False
3246066051,2026-04-11T09:17:51.479000,1775899071479,BTCUSDT,72750.7,0.005,BUY,False
3246066052,2026-04-11T09:17:51.479000,1775899071479,BTCUSDT,72750.9,0.001,BUY,False
3246066053,2026-04-11T09:17:51.479000,1775899071479,BTCUSDT,72751.0,0.004,BUY,False
3246066054,2026-04-11T09:17:51.534000,1775899071534,BTCUSDT,72751.1,0.26,BUY,False
3246066055,2026-04-11T09:17:51.534000,1775899071534,BTCUSDT,72751.3,0.002,BUY,False
3246066056,2026-04-11T09:17:51.534000,1775899071534,BTCUSDT,72751.5,0.002,BUY,False
3246066057,2026-04-11T09:17:51.534000,1775899071534,BTCUSDT,72751.6,0.002,BUY,False
3246066058,2026-04-11T09:17:51.534000,1775899071534,BTCUSDT,72751.7,0.002,BUY,False
3246066059,2026-04-11T09:17:51.534000,1775899071534,BTCUSDT,72751.8,0.014,BUY,False
3246066060,2026-04-11T09:17:51.534000,1775899071534,BTCUSDT,72751.9,0.005,BUY,False
3246066061,2026-04-11T09:17:51.534000,1775899071534,BTCUSDT,72752.0,0.003,BUY,False
3246066062,2026-04-11T09:17:51.534000,1775899071534,BTCUSDT,72752.1,0.001,BUY,False
3246066063,2026-04-11T09:17:51.534000,1775899071534,BTCUSDT,72752.3,0.015,BUY,False
3246066064,2026-04-11T09:17:51.534000,1775899071534,BTCUSDT,72752.4,0.002,BUY,False
3246066065,2026-04-11T09:17:51.534000,1775899071534,BTCUSDT,72752.7,0.005,BUY,False
3246066066,2026-04-11T09:17:51.777000,1775899071777,BTCUSDT,72753.0,0.2,BUY,False
3246066067,2026-04-11T09:17:51.993000,1775899071993,BTCUSDT,72752.9,1.0,SELL,True
3246066068,2026-04-11T09:17:52.176000,1775899072176,BTCUSDT,72753.0,0.002,BUY,False
3246066069,2026-04-11T09:17:52.191000,1775899072191,BTCUSDT,72752.9,0.12,SELL,True
3246066070,2026-04-11T09:17:52.467000,1775899072467,BTCUSDT,72753.0,0.027,BUY,False
3246066071,2026-04-11T09:17:52.750000,1775899072750,BTCUSDT,72753.0,0.208,BUY,False
3246066072,2026-04-11T09:17:52.858000,1775899072858,BTCUSDT,72753.0,2.332,BUY,False
3246066073,2026-04-11T09:17:52.913000,1775899072913,BTCUSDT,72753.1,0.094,BUY,False
3246066074,2026-04-11T09:17:52.913000,1775899072913,BTCUSDT,72753.3,0.002,BUY,False
3246066075,2026-04-11T09:17:52.913000,1775899072913,BTCUSDT,72753.4,0.002,BUY,False
3246066076,2026-04-11T09:17:52.913000,1775899072913,BTCUSDT,72753.5,0.002,BUY,False
3246066077,2026-04-11T09:17:52.913000,1775899072913,BTCUSDT,72753.6,0.008,BUY,False
3246066078,2026-04-11T09:17:52.913000,1775899072913,BTCUSDT,72753.7,0.002,BUY,False
3246066079,2026-04-11T09:17:52.913000,1775899072913,BTCUSDT,72753.8,0.001,BUY,False
3246066080,2026-04-11T09:17:52.913000,1775899072913,BTCUSDT,72753.9,0.002,BUY,False
3246066081,2026-04-11T09:17:52.913000,1775899072913,BTCUSDT,72754.0,0.001,BUY,False
3246066082,2026-04-11T09:17:52.913000,1775899072913,BTCUSDT,72754.2,0.006,BUY,False
3246066083,2026-04-11T09:17:52.913000,1775899072913,BTCUSDT,72754.3,0.007,BUY,False
3246066084,2026-04-11T09:17:52.913000,1775899072913,BTCUSDT,72754.5,0.001,BUY,False
3246066085,2026-04-11T09:17:52.913000,1775899072913,BTCUSDT,72754.6,0.002,BUY,False
3246066086,2026-04-11T09:17:52.913000,1775899072913,BTCUSDT,72754.7,0.056,BUY,False
3246066087,2026-04-11T09:17:52.913000,1775899072913,BTCUSDT,72754.8,0.003,BUY,False
3246066088,2026-04-11T09:17:52.913000,1775899072913,BTCUSDT,72754.9,0.002,BUY,False
3246066089,2026-04-11T09:17:52.913000,1775899072913,BTCUSDT,72755.0,0.125,BUY,False
3246066090,2026-04-11T09:17:52.914000,1775899072914,BTCUSDT,72755.1,0.001,BUY,False
3246066091,2026-04-11T09:17:52.914000,1775899072914,BTCUSDT,72755.2,0.006,BUY,False
3246066092,2026-04-11T09:17:52.914000,1775899072914,BTCUSDT,72755.3,0.012,BUY,False
3246066093,2026-04-11T09:17:52.914000,1775899072914,BTCUSDT,72755.4,0.002,BUY,False
3246066094,2026-04-11T09:17:52.914000,1775899072914,BTCUSDT,72755.5,0.002,BUY,False
3246066095,2026-04-11T09:17:52.914000,1775899072914,BTCUSDT,72755.6,0.004,BUY,False
3246066096,2026-04-11T09:17:52.914000,1775899072914,BTCUSDT,72755.7,0.002,BUY,False
3246066097,2026-04-11T09:17:52.914000,1775899072914,BTCUSDT,72755.9,0.005,BUY,False
3246066098,2026-04-11T09:17:52.914000,1775899072914,BTCUSDT,72756.0,0.101,BUY,False
3246066099,2026-04-11T09:17:52.917000,1775899072917,BTCUSDT,72756.1,0.002,BUY,False
3246066100,2026-04-11T09:17:52.917000,1775899072917,BTCUSDT,72756.2,0.002,BUY,False
3246066101,2026-04-11T09:17:52.917000,1775899072917,BTCUSDT,72756.3,0.001,BUY,False
3246066102,2026-04-11T09:17:52.917000,1775899072917,BTCUSDT,72756.5,0.003,BUY,False
3246066103,2026-04-11T09:17:52.917000,1775899072917,BTCUSDT,72756.6,0.002,BUY,False
3246066104,2026-04-11T09:17:52.917000,1775899072917,BTCUSDT,72756.7,0.001,BUY,False
3246066105,2026-04-11T09:17:52.917000,1775899072917,BTCUSDT,72757.0,0.04,BUY,False
3246066106,2026-04-11T09:17:52.918000,1775899072918,BTCUSDT,72757.1,0.003,BUY,False
3246066107,2026-04-11T09:17:52.918000,1775899072918,BTCUSDT,72757.3,0.003,BUY,False
3246066108,2026-04-11T09:17:52.918000,1775899072918,BTCUSDT,72757.4,0.003,BUY,False
3246066109,2026-04-11T09:17:52.918000,1775899072918,BTCUSDT,72757.5,0.002,BUY,False
3246066110,2026-04-11T09:17:52.918000,1775899072918,BTCUSDT,72757.6,0.005,BUY,False
3246066111,2026-04-11T09:17:52.918000,1775899072918,BTCUSDT,72757.7,0.001,BUY,False
3246066112,2026-04-11T09:17:52.918000,1775899072918,BTCUSDT,72757.8,0.01,BUY,False
3246066113,2026-04-11T09:17:52.918000,1775899072918,BTCUSDT,72758.0,0.02,BUY,False
3246066114,2026-04-11T09:17:52.918000,1775899072918,BTCUSDT,72758.2,0.002,BUY,False
3246066115,2026-04-11T09:17:52.918000,1775899072918,BTCUSDT,72758.3,0.002,BUY,False
3246066116,2026-04-11T09:17:52.918000,1775899072918,BTCUSDT,72758.4,0.006,BUY,False
3246066117,2026-04-11T09:17:52.918000,1775899072918,BTCUSDT,72758.5,0.001,BUY,False
3246066118,2026-04-11T09:17:52.918000,1775899072918,BTCUSDT,72758.6,0.005,BUY,False
3246066119,2026-04-11T09:17:52.918000,1775899072918,BTCUSDT,72758.7,0.002,BUY,False
3246066120,2026-04-11T09:17:52.918000,1775899072918,BTCUSDT,72758.9,0.001,BUY,False
3246066121,2026-04-11T09:17:52.918000,1775899072918,BTCUSDT,72759.0,0.078,BUY,False
3246066122,2026-04-11T09:17:52.918000,1775899072918,BTCUSDT,72759.1,0.367,BUY,False
3246066123,2026-04-11T09:17:52.918000,1775899072918,BTCUSDT,72759.3,0.008,BUY,False
3246066124,2026-04-11T09:17:52.918000,1775899072918,BTCUSDT,72759.6,0.006,BUY,False
3246066125,2026-04-11T09:17:52.918000,1775899072918,BTCUSDT,72759.7,0.115,BUY,False
3246066126,2026-04-11T09:17:52.918000,1775899072918,BTCUSDT,72759.9,0.137,BUY,False
3246066127,2026-04-11T09:17:52.918000,1775899072918,BTCUSDT,72760.0,0.123,BUY,False
3246066128,2026-04-11T09:17:52.918000,1775899072918,BTCUSDT,72760.1,0.082,BUY,False
3246066129,2026-04-11T09:17:52.918000,1775899072918,BTCUSDT,72760.3,0.276,BUY,False
3246066130,2026-04-11T09:17:52.918000,1775899072918,BTCUSDT,72760.4,0.129,BUY,False
3246066131,2026-04-11T09:17:52.918000,1775899072918,BTCUSDT,72760.5,0.003,BUY,False
3246066132,2026-04-11T09:17:52.924000,1775899072924,BTCUSDT,72760.6,0.006,BUY,False
3246066133,2026-04-11T09:17:52.924000,1775899072924,BTCUSDT,72760.7,0.002,BUY,False
3246066134,2026-04-11T09:17:52.924000,1775899072924,BTCUSDT,72760.8,0.144,BUY,False
3246066135,2026-04-11T09:17:52.924000,1775899072924,BTCUSDT,72760.9,0.048,BUY,False
3246066136,2026-04-11T09:17:52.924000,1775899072924,BTCUSDT,72761.0,0.004,BUY,False
3246066137,2026-04-11T09:17:52.924000,1775899072924,BTCUSDT,72761.1,0.241,BUY,False
3246066138,2026-04-11T09:17:52.927000,1775899072927,BTCUSDT,72761.2,0.07,BUY,False
3246066139,2026-04-11T09:17:52.927000,1775899072927,BTCUSDT,72761.4,0.005,BUY,False
3246066140,2026-04-11T09:17:52.927000,1775899072927,BTCUSDT,72761.5,0.155,BUY,False
3246066141,2026-04-11T09:17:52.927000,1775899072927,BTCUSDT,72761.6,0.003,BUY,False
3246066142,2026-04-11T09:17:52.927000,1775899072927,BTCUSDT,72761.9,0.006,BUY,False
3246066143,2026-04-11T09:17:52.927000,1775899072927,BTCUSDT,72762.0,0.003,BUY,False
3246066144,2026-04-11T09:17:52.927000,1775899072927,BTCUSDT,72762.1,0.002,BUY,False
3246066145,2026-04-11T09:17:52.927000,1775899072927,BTCUSDT,72762.3,0.003,BUY,False
3246066146,2026-04-11T09:17:52.927000,1775899072927,BTCUSDT,72762.4,0.001,BUY,False
3246066147,2026-04-11T09:17:52.927000,1775899072927,BTCUSDT,72762.6,0.043,BUY,False
3246066148,2026-04-11T09:17:52.927000,1775899072927,BTCUSDT,72762.7,0.002,BUY,False
3246066149,2026-04-11T09:17:52.927000,1775899072927,BTCUSDT,72762.8,0.008,BUY,False
3246066150,2026-04-11T09:17:52.927000,1775899072927,BTCUSDT,72762.9,0.006,BUY,False
3246066151,2026-04-11T09:17:52.927000,1775899072927,BTCUSDT,72763.0,0.002,BUY,False
3246066152,2026-04-11T09:17:52.927000,1775899072927,BTCUSDT,72763.2,0.004,BUY,False
3246066153,2026-04-11T09:17:52.927000,1775899072927,BTCUSDT,72763.6,0.061,BUY,False
3246066154,2026-04-11T09:17:52.927000,1775899072927,BTCUSDT,72763.7,0.004,BUY,False
3246066155,2026-04-11T09:17:52.927000,1775899072927,BTCUSDT,72763.8,0.022,BUY,False
3246066156,2026-04-11T09:17:52.927000,1775899072927,BTCUSDT,72763.9,0.029,BUY,False
3246066157,2026-04-11T09:17:52.927000,1775899072927,BTCUSDT,72764.0,0.142,BUY,False
3246066158,2026-04-11T09:17:52.927000,1775899072927,BTCUSDT,72764.3,0.094,BUY,False
3246066159,2026-04-11T09:17:52.927000,1775899072927,BTCUSDT,72764.4,0.002,BUY,False
3246066160,2026-04-11T09:17:52.927000,1775899072927,BTCUSDT,72764.7,0.05,BUY,False
3246066161,2026-04-11T09:17:52.927000,1775899072927,BTCUSDT,72764.8,0.051,BUY,False
3246066162,2026-04-11T09:17:52.927000,1775899072927,BTCUSDT,72764.9,0.003,BUY,False
3246066163,2026-04-11T09:17:52.927000,1775899072927,BTCUSDT,72765.0,0.052,BUY,False
3246066164,2026-04-11T09:17:52.927000,1775899072927,BTCUSDT,72765.2,0.003,BUY,False
3246066165,2026-04-11T09:17:52.927000,1775899072927,BTCUSDT,72765.3,0.005,BUY,False
3246066166,2026-04-11T09:17:52.927000,1775899072927,BTCUSDT,72765.4,0.009,BUY,False
3246066167,2026-04-11T09:17:52.927000,1775899072927,BTCUSDT,72765.5,0.006,BUY,False
3246066168,2026-04-11T09:17:52.927000,1775899072927,BTCUSDT,72765.6,0.002,BUY,False
3246066169,2026-04-11T09:17:52.927000,1775899072927,BTCUSDT,72765.8,0.004,BUY,False
3246066170,2026-04-11T09:17:52.927000,1775899072927,BTCUSDT,72766.0,0.001,BUY,False
3246066171,2026-04-11T09:17:52.927000,1775899072927,BTCUSDT,72766.3,0.006,BUY,False
3246066172,2026-04-11T09:17:52.927000,1775899072927,BTCUSDT,72766.4,0.012,BUY,False
3246066173,2026-04-11T09:17:52.927000,1775899072927,BTCUSDT,72766.5,0.011,BUY,False
3246066174,2026-04-11T09:17:52.927000,1775899072927,BTCUSDT,72766.8,0.007,BUY,False
3246066175,2026-04-11T09:17:52.927000,1775899072927,BTCUSDT,72766.9,0.004,BUY,False
3246066176,2026-04-11T09:17:52.927000,1775899072927,BTCUSDT,72767.0,0.007,BUY,False
3246066177,2026-04-11T09:17:52.927000,1775899072927,BTCUSDT,72767.2,0.256,BUY,False
3246066178,2026-04-11T09:17:52.927000,1775899072927,BTCUSDT,72767.3,0.002,BUY,False
3246066179,2026-04-11T09:17:52.927000,1775899072927,BTCUSDT,72767.4,0.004,BUY,False
3246066180,2026-04-11T09:17:52.927000,1775899072927,BTCUSDT,72767.5,0.003,BUY,False
3246066181,2026-04-11T09:17:52.927000,1775899072927,BTCUSDT,72767.6,0.009,BUY,False
3246066182,2026-04-11T09:17:52.939000,1775899072939,BTCUSDT,72764.9,0.002,BUY,False
3246066183,2026-04-11T09:17:52.939000,1775899072939,BTCUSDT,72766.5,0.002,BUY,False
3246066184,2026-04-11T09:17:52.939000,1775899072939,BTCUSDT,72767.8,0.004,BUY,False
3246066185,2026-04-11T09:17:52.939000,1775899072939,BTCUSDT,72767.9,0.002,BUY,False
3246066186,2026-04-11T09:17:52.941000,1775899072941,BTCUSDT,72768.0,0.007,BUY,False
3246066187,2026-04-11T09:17:52.941000,1775899072941,BTCUSDT,72768.1,0.002,BUY,False
3246066188,2026-04-11T09:17:52.941000,1775899072941,BTCUSDT,72768.2,0.068,BUY,False
3246066189,2026-04-11T09:17:52.941000,1775899072941,BTCUSDT,72768.4,0.012,BUY,False
3246066190,2026-04-11T09:17:52.941000,1775899072941,BTCUSDT,72768.5,0.002,BUY,False
3246066191,2026-04-11T09:17:52.941000,1775899072941,BTCUSDT,72768.6,0.003,BUY,False
3246066192,2026-04-11T09:17:52.941000,1775899072941,BTCUSDT,72768.7,0.005,BUY,False
3246066193,2026-04-11T09:17:52.941000,1775899072941,BTCUSDT,72768.8,0.039,BUY,False
3246066194,2026-04-11T09:17:52.941000,1775899072941,BTCUSDT,72769.0,0.002,BUY,False
3246066195,2026-04-11T09:17:52.941000,1775899072941,BTCUSDT,72769.1,0.01,BUY,False
3246066196,2026-04-11T09:17:52.941000,1775899072941,BTCUSDT,72769.3,0.003,BUY,False
3246066197,2026-04-11T09:17:52.941000,1775899072941,BTCUSDT,72769.4,0.004,BUY,False
3246066198,2026-04-11T09:17:52.941000,1775899072941,BTCUSDT,72769.5,0.002,BUY,False
3246066199,2026-04-11T09:17:52.941000,1775899072941,BTCUSDT,72769.6,0.119,BUY,False
3246066200,2026-04-11T09:17:52.941000,1775899072941,BTCUSDT,72769.8,0.004,BUY,False
3246066201,2026-04-11T09:17:52.941000,1775899072941,BTCUSDT,72769.9,0.003,BUY,False
3246066202,2026-04-11T09:17:52.941000,1775899072941,BTCUSDT,72770.0,0.352,BUY,False
3246066203,2026-04-11T09:17:52.942000,1775899072942,BTCUSDT,72770.1,0.002,BUY,False
3246066204,2026-04-11T09:17:52.942000,1775899072942,BTCUSDT,72770.2,0.003,BUY,False
3246066205,2026-04-11T09:17:52.942000,1775899072942,BTCUSDT,72770.3,0.05,BUY,False
3246066206,2026-04-11T09:17:52.942000,1775899072942,BTCUSDT,72770.4,0.067,BUY,False
3246066207,2026-04-11T09:17:52.944000,1775899072944,BTCUSDT,72770.5,0.005,BUY,False
3246066208,2026-04-11T09:17:52.944000,1775899072944,BTCUSDT,72770.6,0.048,BUY,False
3246066209,2026-04-11T09:17:52.945000,1775899072945,BTCUSDT,72770.7,0.017,BUY,False
3246066210,2026-04-11T09:17:52.949000,1775899072949,BTCUSDT,72767.9,0.11,BUY,False
3246066211,2026-04-11T09:17:52.952000,1775899072952,BTCUSDT,72770.7,0.092,BUY,False
3246066212,2026-04-11T09:17:52.964000,1775899072964,BTCUSDT,72770.9,0.003,BUY,False
3246066213,2026-04-11T09:17:52.964000,1775899072964,BTCUSDT,72771.0,0.022,BUY,False
3246066214,2026-04-11T09:17:52.964000,1775899072964,BTCUSDT,72771.2,0.112,BUY,False
3246066215,2026-04-11T09:17:52.965000,1775899072965,BTCUSDT,72771.3,0.001,BUY,False
3246066216,2026-04-11T09:17:52.965000,1775899072965,BTCUSDT,72771.5,0.005,BUY,False
3246066217,2026-04-11T09:17:52.965000,1775899072965,BTCUSDT,72771.6,0.006,BUY,False
3246066218,2026-04-11T09:17:52.965000,1775899072965,BTCUSDT,72771.8,0.348,BUY,False
3246066219,2026-04-11T09:17:52.965000,1775899072965,BTCUSDT,72771.9,0.003,BUY,False
3246066220,2026-04-11T09:17:52.965000,1775899072965,BTCUSDT,72772.0,0.197,BUY,False
3246066221,2026-04-11T09:17:52.966000,1775899072966,BTCUSDT,72772.1,0.007,BUY,False
3246066222,2026-04-11T09:17:52.966000,1775899072966,BTCUSDT,72772.2,0.007,BUY,False
3246066223,2026-04-11T09:17:52.966000,1775899072966,BTCUSDT,72772.3,0.009,BUY,False
3246066224,2026-04-11T09:17:52.966000,1775899072966,BTCUSDT,72772.4,0.003,BUY,False
3246066225,2026-04-11T09:17:52.966000,1775899072966,BTCUSDT,72772.5,0.002,BUY,False
3246066226,2026-04-11T09:17:52.966000,1775899072966,BTCUSDT,72772.7,0.09,BUY,False
3246066227,2026-04-11T09:17:52.966000,1775899072966,BTCUSDT,72772.8,0.007,BUY,False
3246066228,2026-04-11T09:17:52.966000,1775899072966,BTCUSDT,72772.9,0.037,BUY,False
3246066229,2026-04-11T09:17:52.978000,1775899072978,BTCUSDT,72771.2,0.007,SELL,True
3246066230,2026-04-11T09:17:52.979000,1775899072979,BTCUSDT,72771.5,0.019,BUY,False
3246066231,2026-04-11T09:17:52.979000,1775899072979,BTCUSDT,72772.8,0.112,BUY,False
3246066232,2026-04-11T09:17:52.979000,1775899072979,BTCUSDT,72772.9,0.067,BUY,False
3246066233,2026-04-11T09:17:52.979000,1775899072979,BTCUSDT,72773.0,0.002,BUY,False
3246066234,2026-04-11T09:17:52.979000,1775899072979,BTCUSDT,72773.2,0.031,BUY,False
3246066235,2026-04-11T09:17:52.979000,1775899072979,BTCUSDT,72773.3,0.002,BUY,False
3246066236,2026-04-11T09:17:52.979000,1775899072979,BTCUSDT,72773.4,0.17,BUY,False
3246066237,2026-04-11T09:17:52.989000,1775899072989,BTCUSDT,72772.4,0.014,BUY,False
3246066238,2026-04-11T09:17:53.023000,1775899073023,BTCUSDT,72773.5,0.004,BUY,False
3246066239,2026-04-11T09:17:53.023000,1775899073023,BTCUSDT,72773.6,0.218,BUY,False
3246066240,2026-04-11T09:17:53.025000,1775899073025,BTCUSDT,72773.4,0.007,SELL,True
3246066241,2026-04-11T09:17:53.042000,1775899073042,BTCUSDT,72773.8,0.004,BUY,False
3246066242,2026-04-11T09:17:53.042000,1775899073042,BTCUSDT,72773.9,0.008,BUY,False
3246066243,2026-04-11T09:17:53.056000,1775899073056,BTCUSDT,72774.0,0.008,BUY,False
3246066244,2026-04-11T09:17:53.056000,1775899073056,BTCUSDT,72774.2,0.002,BUY,False
3246066245,2026-04-11T09:17:53.087000,1775899073087,BTCUSDT,72774.3,0.005,BUY,False
3246066246,2026-04-11T09:17:53.087000,1775899073087,BTCUSDT,72774.4,0.002,BUY,False
3246066247,2026-04-11T09:17:53.087000,1775899073087,BTCUSDT,72774.5,0.002,BUY,False
3246066248,2026-04-11T09:17:53.087000,1775899073087,BTCUSDT,72774.7,0.001,BUY,False
3246066249,2026-04-11T09:17:53.096000,1775899073096,BTCUSDT,72774.9,0.005,BUY,False
3246066250,2026-04-11T09:17:53.096000,1775899073096,BTCUSDT,72775.0,0.687,BUY,False
3246066251,2026-04-11T09:17:53.151000,1775899073151,BTCUSDT,72775.1,0.039,BUY,False
3246066252,2026-04-11T09:17:53.151000,1775899073151,BTCUSDT,72775.3,0.007,BUY,False
3246066253,2026-04-11T09:17:53.153000,1775899073153,BTCUSDT,72775.4,0.002,BUY,False
3246066254,2026-04-11T09:17:53.183000,1775899073183,BTCUSDT,72775.6,0.002,BUY,False
3246066255,2026-04-11T09:17:53.183000,1775899073183,BTCUSDT,72775.7,0.007,BUY,False
3246066256,2026-04-11T09:17:53.183000,1775899073183,BTCUSDT,72775.8,0.005,BUY,False
3246066257,2026-04-11T09:17:53.183000,1775899073183,BTCUSDT,72776.1,0.001,BUY,False
3246066258,2026-04-11T09:17:53.183000,1775899073183,BTCUSDT,72776.4,0.083,BUY,False
3246066259,2026-04-11T09:17:53.183000,1775899073183,BTCUSDT,72776.5,0.001,BUY,False
3246066260,2026-04-11T09:17:53.186000,1775899073186,BTCUSDT,72776.7,0.025,BUY,False
3246066261,2026-04-11T09:17:53.201000,1775899073201,BTCUSDT,72776.8,0.002,BUY,False
3246066262,2026-04-11T09:17:53.201000,1775899073201,BTCUSDT,72776.9,0.009,BUY,False
3246066263,2026-04-11T09:17:53.202000,1775899073202,BTCUSDT,72777.0,0.62,BUY,False
3246066264,2026-04-11T09:17:53.263000,1775899073263,BTCUSDT,72776.9,0.075,SELL,True
3246066265,2026-04-11T09:17:53.333000,1775899073333,BTCUSDT,72777.0,0.013,BUY,False
3246066266,2026-04-11T09:17:53.452000,1775899073452,BTCUSDT,72776.9,0.003,SELL,True
3246066267,2026-04-11T09:17:53.545000,1775899073545,BTCUSDT,72777.0,0.012,BUY,False
3246066268,2026-04-11T09:17:53.664000,1775899073664,BTCUSDT,72777.0,0.092,BUY,False
3246066269,2026-04-11T09:17:54.042000,1775899074042,BTCUSDT,72777.0,0.836,BUY,False
3246066270,2026-04-11T09:17:54.326000,1775899074326,BTCUSDT,72777.0,0.072,BUY,False
3246066271,2026-04-11T09:17:54.451000,1775899074451,BTCUSDT,72776.9,0.008,SELL,True
3246066272,2026-04-11T09:17:54.618000,1775899074618,BTCUSDT,72777.0,0.076,BUY,False
3246066273,2026-04-11T09:17:54.752000,1775899074752,BTCUSDT,72777.0,0.545,BUY,False
3246066274,2026-04-11T09:17:55.040000,1775899075040,BTCUSDT,72777.0,0.002,BUY,False
3246066275,2026-04-11T09:17:55.217000,1775899075217,BTCUSDT,72777.0,0.735,BUY,False
3246066276,2026-04-11T09:17:55.366000,1775899075366,BTCUSDT,72777.0,2.01,BUY,False
3246066277,2026-04-11T09:17:55.497000,1775899075497,BTCUSDT,72777.0,2.014,BUY,False
3246066278,2026-04-11T09:17:55.720000,1775899075720,BTCUSDT,72777.0,0.23,BUY,False
3246066279,2026-04-11T09:17:56.028000,1775899076028,BTCUSDT,72776.9,0.006,SELL,True
3246066280,2026-04-11T09:17:56.198000,1775899076198,BTCUSDT,72777.0,0.244,BUY,False
3246066281,2026-04-11T09:17:56.277000,1775899076277,BTCUSDT,72776.9,0.022,SELL,True
3246066282,2026-04-11T09:17:56.282000,1775899076282,BTCUSDT,72777.0,0.004,BUY,False
3246066283,2026-04-11T09:17:56.761000,1775899076761,BTCUSDT,72777.0,0.094,BUY,False
3246066284,2026-04-11T09:17:56.847000,1775899076847,BTCUSDT,72776.9,0.975,SELL,True
3246066285,2026-04-11T09:17:56.943000,1775899076943,BTCUSDT,72777.0,0.004,BUY,False
3246066286,2026-04-11T09:17:57.182000,1775899077182,BTCUSDT,72777.0,0.007,BUY,False
3246066287,2026-04-11T09:17:57.201000,1775899077201,BTCUSDT,72776.9,0.373,SELL,True
3246066288,2026-04-11T09:17:57.261000,1775899077261,BTCUSDT,72777.0,0.022,BUY,False
3246066289,2026-04-11T09:17:57.455000,1775899077455,BTCUSDT,72777.0,0.4,BUY,False
3246066290,2026-04-11T09:17:57.569000,1775899077569,BTCUSDT,72777.0,0.414,BUY,False
3246066291,2026-04-11T09:17:57.680000,1775899077680,BTCUSDT,72777.0,0.472,BUY,False
3246066292,2026-04-11T09:17:57.786000,1775899077786,BTCUSDT,72777.0,0.06,BUY,False
3246066293,2026-04-11T09:17:57.971000,1775899077971,BTCUSDT,72777.0,0.063,BUY,False
3246066294,2026-04-11T09:17:58.093000,1775899078093,BTCUSDT,72777.0,0.052,BUY,False
3246066295,2026-04-11T09:17:58.300000,1775899078300,BTCUSDT,72777.0,0.009,BUY,False
3246066296,2026-04-11T09:17:58.604000,1775899078604,BTCUSDT,72777.0,0.07,BUY,False
3246066297,2026-04-11T09:17:58.768000,1775899078768,BTCUSDT,72777.0,0.045,BUY,False
3246066298,2026-04-11T09:17:58.964000,1775899078964,BTCUSDT,72777.0,0.342,BUY,False
3246066299,2026-04-11T09:17:59.011000,1775899079011,BTCUSDT,72776.9,0.18,SELL,True
3246066300,2026-04-11T09:17:59.334000,1775899079334,BTCUSDT,72776.9,0.632,SELL,True
3246066301,2026-04-11T09:17:59.451000,1775899079451,BTCUSDT,72777.0,0.014,BUY,False
3246066302,2026-04-11T09:17:59.703000,1775899079703,BTCUSDT,72776.9,0.067,SELL,True
3246066303,2026-04-11T09:17:59.703000,1775899079703,BTCUSDT,72776.8,0.131,SELL,True
3246066304,2026-04-11T09:17:59.703000,1775899079703,BTCUSDT,72776.7,0.011,SELL,True
3246066305,2026-04-11T09:17:59.703000,1775899079703,BTCUSDT,72776.6,0.07,SELL,True
3246066306,2026-04-11T09:17:59.711000,1775899079711,BTCUSDT,72776.2,0.013,SELL,True
3246066307,2026-04-11T09:17:59.713000,1775899079713,BTCUSDT,72776.1,0.002,SELL,True
3246066308,2026-04-11T09:17:59.713000,1775899079713,BTCUSDT,72775.9,0.002,SELL,True
3246066309,2026-04-11T09:17:59.713000,1775899079713,BTCUSDT,72775.8,0.004,SELL,True
3246066310,2026-04-11T09:17:59.720000,1775899079720,BTCUSDT,72775.6,0.161,BUY,False
3246066311,2026-04-11T09:17:59.839000,1775899079839,BTCUSDT,72775.5,0.022,SELL,True
3246066312,2026-04-11T09:17:59.858000,1775899079858,BTCUSDT,72775.6,0.003,BUY,False
3246066313,2026-04-11T09:18:00.045000,1775899080045,BTCUSDT,72775.6,0.021,BUY,False
3246066314,2026-04-11T09:18:00.185000,1775899080185,BTCUSDT,72775.6,0.021,BUY,False
3246066315,2026-04-11T09:18:00.189000,1775899080189,BTCUSDT,72775.5,0.022,SELL,True
3246066316,2026-04-11T09:18:00.189000,1775899080189,BTCUSDT,72775.4,0.594,SELL,True
3246066317,2026-04-11T09:18:00.189000,1775899080189,BTCUSDT,72775.3,0.002,SELL,True
3246066318,2026-04-11T09:18:00.191000,1775899080191,BTCUSDT,72775.1,0.002,SELL,True
3246066319,2026-04-11T09:18:00.192000,1775899080192,BTCUSDT,72774.9,0.003,SELL,True
3246066320,2026-04-11T09:18:00.193000,1775899080193,BTCUSDT,72774.2,0.003,SELL,True
3246066321,2026-04-11T09:18:00.193000,1775899080193,BTCUSDT,72774.1,0.003,SELL,True
3246066322,2026-04-11T09:18:00.193000,1775899080193,BTCUSDT,72774.0,0.001,SELL,True
3246066323,2026-04-11T09:18:00.193000,1775899080193,BTCUSDT,72773.9,0.003,SELL,True
3246066324,2026-04-11T09:18:00.194000,1775899080194,BTCUSDT,72773.6,0.003,SELL,True
3246066325,2026-04-11T09:18:00.194000,1775899080194,BTCUSDT,72773.5,0.004,SELL,True
3246066326,2026-04-11T09:18:00.197000,1775899080197,BTCUSDT,72773.3,0.003,SELL,True
3246066327,2026-04-11T09:18:00.197000,1775899080197,BTCUSDT,72773.2,0.003,SELL,True
3246066328,2026-04-11T09:18:00.197000,1775899080197,BTCUSDT,72773.0,0.004,SELL,True
3246066329,2026-04-11T09:18:00.197000,1775899080197,BTCUSDT,72772.8,0.004,SELL,True
3246066330,2026-04-11T09:18:00.197000,1775899080197,BTCUSDT,72772.7,0.004,SELL,True
3246066331,2026-04-11T09:18:00.197000,1775899080197,BTCUSDT,72772.6,0.005,SELL,True
3246066332,2026-04-11T09:18:00.198000,1775899080198,BTCUSDT,72772.5,0.003,SELL,True
3246066333,2026-04-11T09:18:00.202000,1775899080202,BTCUSDT,72772.4,0.003,SELL,True
3246066334,2026-04-11T09:18:00.202000,1775899080202,BTCUSDT,72772.3,0.003,SELL,True
3246066335,2026-04-11T09:18:00.202000,1775899080202,BTCUSDT,72772.2,0.002,SELL,True
3246066336,2026-04-11T09:18:00.202000,1775899080202,BTCUSDT,72772.1,0.003,SELL,True
3246066337,2026-04-11T09:18:00.207000,1775899080207,BTCUSDT,72772.0,0.016,SELL,True
3246066338,2026-04-11T09:18:00.292000,1775899080292,BTCUSDT,72772.1,1.102,BUY,False
3246066339,2026-04-11T09:18:00.402000,1775899080402,BTCUSDT,72772.1,0.137,BUY,False
3246066340,2026-04-11T09:18:00.635000,1775899080635,BTCUSDT,72772.0,0.002,SELL,True
3246066341,2026-04-11T09:18:00.676000,1775899080676,BTCUSDT,72772.1,0.054,BUY,False
3246066342,2026-04-11T09:18:00.877000,1775899080877,BTCUSDT,72772.1,0.342,BUY,False
3246066343,2026-04-11T09:18:01.003000,1775899081003,BTCUSDT,72772.1,0.646,BUY,False
3246066344,2026-04-11T09:18:01.136000,1775899081136,BTCUSDT,72772.0,0.002,SELL,True
3246066345,2026-04-11T09:18:01.155000,1775899081155,BTCUSDT,72772.1,0.027,BUY,False
3246066346,2026-04-11T09:18:01.208000,1775899081208,BTCUSDT,72772.0,0.021,SELL,True
3246066347,2026-04-11T09:18:01.231000,1775899081231,BTCUSDT,72772.1,0.147,BUY,False
3246066348,2026-04-11T09:18:01.379000,1775899081379,BTCUSDT,72772.0,0.016,SELL,True
3246066349,2026-04-11T09:18:01.428000,1775899081428,BTCUSDT,72772.1,1.139,BUY,False
3246066350,2026-04-11T09:18:01.636000,1775899081636,BTCUSDT,72772.1,0.037,BUY,False
3246066351,2026-04-11T09:18:01.843000,1775899081843,BTCUSDT,72772.0,2.838,SELL,True
3246066352,2026-04-11T09:18:02.238000,1775899082238,BTCUSDT,72772.1,0.01,BUY,False
3246066353,2026-04-11T09:18:02.401000,1775899082401,BTCUSDT,72772.1,0.3,BUY,False
3246066354,2026-04-11T09:18:02.658000,1775899082658,BTCUSDT,72772.0,0.004,SELL,True
3246066355,2026-04-11T09:18:02.699000,1775899082699,BTCUSDT,72772.1,0.003,BUY,False
3246066356,2026-04-11T09:18:02.819000,1775899082819,BTCUSDT,72772.1,0.01,BUY,False
3246066357,2026-04-11T09:18:03.009000,1775899083009,BTCUSDT,72772.1,0.007,BUY,False
3246066358,2026-04-11T09:18:03.181000,1775899083181,BTCUSDT,72772.0,1.116,SELL,True
3246066359,2026-04-11T09:18:03.332000,1775899083332,BTCUSDT,72772.1,0.012,BUY,False
3246066360,2026-04-11T09:18:03.386000,1775899083386,BTCUSDT,72772.0,1.116,SELL,True
3246066361,2026-04-11T09:18:03.398000,1775899083398,BTCUSDT,72772.1,0.012,BUY,False
3246066362,2026-04-11T09:18:03.646000,1775899083646,BTCUSDT,72772.0,0.043,SELL,True
3246066363,2026-04-11T09:18:03.688000,1775899083688,BTCUSDT,72772.1,0.1,BUY,False
3246066364,2026-04-11T09:18:03.832000,1775899083832,BTCUSDT,72772.0,0.082,SELL,True
3246066365,2026-04-11T09:18:03.832000,1775899083832,BTCUSDT,72771.9,0.008,SELL,True
3246066366,2026-04-11T09:18:03.832000,1775899083832,BTCUSDT,72771.8,0.002,SELL,True
3246066367,2026-04-11T09:18:03.832000,1775899083832,BTCUSDT,72771.7,0.004,SELL,True
3246066368,2026-04-11T09:18:03.832000,1775899083832,BTCUSDT,72771.3,0.002,SELL,True
3246066369,2026-04-11T09:18:03.832000,1775899083832,BTCUSDT,72771.1,0.003,SELL,True
3246066370,2026-04-11T09:18:03.832000,1775899083832,BTCUSDT,72770.9,0.057,SELL,True
3246066371,2026-04-11T09:18:03.832000,1775899083832,BTCUSDT,72770.8,0.005,SELL,True
3246066372,2026-04-11T09:18:03.832000,1775899083832,BTCUSDT,72770.6,0.054,SELL,True
3246066373,2026-04-11T09:18:03.832000,1775899083832,BTCUSDT,72770.4,0.009,SELL,True
3246066374,2026-04-11T09:18:03.832000,1775899083832,BTCUSDT,72770.3,0.003,SELL,True
3246066375,2026-04-11T09:18:03.832000,1775899083832,BTCUSDT,72770.1,0.003,SELL,True
3246066376,2026-04-11T09:18:03.832000,1775899083832,BTCUSDT,72770.0,0.004,SELL,True
3246066377,2026-04-11T09:18:03.832000,1775899083832,BTCUSDT,72769.9,0.004,SELL,True
3246066378,2026-04-11T09:18:03.892000,1775899083892,BTCUSDT,72769.9,0.462,BUY,False
3246066379,2026-04-11T09:18:04.103000,1775899084103,BTCUSDT,72769.9,0.004,BUY,False
3246066380,2026-04-11T09:18:04.292000,1775899084292,BTCUSDT,72769.9,0.502,BUY,False
3246066381,2026-04-11T09:18:04.633000,1775899084633,BTCUSDT,72769.9,0.318,BUY,False
3246066382,2026-04-11T09:18:04.678000,1775899084678,BTCUSDT,72769.8,0.216,SELL,True
3246066383,2026-04-11T09:18:04.694000,1775899084694,BTCUSDT,72769.9,0.002,BUY,False
3246066384,2026-04-11T09:18:04.909000,1775899084909,BTCUSDT,72769.9,0.05,BUY,False
3246066385,2026-04-11T09:18:05.382000,1775899085382,BTCUSDT,72769.9,0.036,BUY,False
3246066386,2026-04-11T09:18:05.413000,1775899085413,BTCUSDT,72769.8,0.001,SELL,True
3246066387,2026-04-11T09:18:05.487000,1775899085487,BTCUSDT,72769.9,0.009,BUY,False
3246066388,2026-04-11T09:18:05.620000,1775899085620,BTCUSDT,72769.8,0.005,SELL,True
3246066389,2026-04-11T09:18:05.689000,1775899085689,BTCUSDT,72769.9,0.1,BUY,False
3246066390,2026-04-11T09:18:06.043000,1775899086043,BTCUSDT,72769.9,0.667,BUY,False
3246066391,2026-04-11T09:18:06.138000,1775899086138,BTCUSDT,72770.0,0.099,BUY,False
3246066392,2026-04-11T09:18:06.140000,1775899086140,BTCUSDT,72769.9,0.006,SELL,True
3246066393,2026-04-11T09:18:06.299000,1775899086299,BTCUSDT,72769.9,0.042,SELL,True
3246066394,2026-04-11T09:18:06.302000,1775899086302,BTCUSDT,72770.0,0.064,BUY,False
3246066395,2026-04-11T09:18:06.304000,1775899086304,BTCUSDT,72769.9,0.007,SELL,True
3246066396,2026-04-11T09:18:06.665000,1775899086665,BTCUSDT,72770.0,0.109,BUY,False
3246066397,2026-04-11T09:18:06.935000,1775899086935,BTCUSDT,72769.9,0.002,SELL,True
3246066398,2026-04-11T09:18:06.985000,1775899086985,BTCUSDT,72770.0,0.075,BUY,False
3246066399,2026-04-11T09:18:07.182000,1775899087182,BTCUSDT,72770.0,0.021,BUY,False
3246066400,2026-04-11T09:18:07.290000,1775899087290,BTCUSDT,72769.9,0.013,SELL,True
3246066401,2026-04-11T09:18:07.357000,1775899087357,BTCUSDT,72770.0,0.7,BUY,False
3246066402,2026-04-11T09:18:07.506000,1775899087506,BTCUSDT,72769.9,0.071,SELL,True
3246066403,2026-04-11T09:18:07.593000,1775899087593,BTCUSDT,72770.0,0.412,BUY,False
3246066404,2026-04-11T09:18:07.770000,1775899087770,BTCUSDT,72770.0,0.005,BUY,False
3246066405,2026-04-11T09:18:08.318000,1775899088318,BTCUSDT,72770.0,0.05,BUY,False
3246066406,2026-04-11T09:18:08.631000,1775899088631,BTCUSDT,72769.9,0.022,SELL,True
3246066407,2026-04-11T09:18:08.807000,1775899088807,BTCUSDT,72770.0,0.002,BUY,False
3246066408,2026-04-11T09:18:08.952000,1775899088952,BTCUSDT,72770.0,0.012,BUY,False
3246066409,2026-04-11T09:18:09.086000,1775899089086,BTCUSDT,72769.9,0.068,SELL,True
3246066410,2026-04-11T09:18:09.535000,1775899089535,BTCUSDT,72770.0,0.11,BUY,False
3246066411,2026-04-11T09:18:09.721000,1775899089721,BTCUSDT,72769.9,0.026,SELL,True
3246066412,2026-04-11T09:18:09.786000,1775899089786,BTCUSDT,72770.0,0.174,BUY,False
3246066413,2026-04-11T09:18:10.001000,1775899090001,BTCUSDT,72770.0,0.3,BUY,False
3246066414,2026-04-11T09:18:10.407000,1775899090407,BTCUSDT,72770.0,0.017,BUY,False
3246066415,2026-04-11T09:18:10.711000,1775899090711,BTCUSDT,72770.0,0.004,BUY,False
3246066416,2026-04-11T09:18:10.998000,1775899090998,BTCUSDT,72770.0,0.971,BUY,False
3246066417,2026-04-11T09:18:11.197000,1775899091197,BTCUSDT,72770.0,0.049,BUY,False
3246066418,2026-04-11T09:18:11.405000,1775899091405,BTCUSDT,72770.0,0.122,BUY,False
3246066419,2026-04-11T09:18:11.982000,1775899091982,BTCUSDT,72769.9,0.01,SELL,True
3246066420,2026-04-11T09:18:12.003000,1775899092003,BTCUSDT,72770.0,0.198,BUY,False
3246066421,2026-04-11T09:18:12.445000,1775899092445,BTCUSDT,72770.0,1.374,BUY,False
3246066422,2026-04-11T09:18:12.525000,1775899092525,BTCUSDT,72769.9,0.002,SELL,True
3246066423,2026-04-11T09:18:12.616000,1775899092616,BTCUSDT,72770.0,0.003,BUY,False
3246066424,2026-04-11T09:18:12.822000,1775899092822,BTCUSDT,72770.0,0.012,BUY,False
3246066425,2026-04-11T09:18:13.139000,1775899093139,BTCUSDT,72770.0,0.146,BUY,False
3246066426,2026-04-11T09:18:13.310000,1775899093310,BTCUSDT,72770.0,0.009,BUY,False
3246066427,2026-04-11T09:18:13.415000,1775899093415,BTCUSDT,72770.0,0.01,BUY,False
3246066428,2026-04-11T09:18:13.638000,1775899093638,BTCUSDT,72770.0,0.008,BUY,False
3246066429,2026-04-11T09:18:13.750000,1775899093750,BTCUSDT,72770.0,0.056,BUY,False
3246066430,2026-04-11T09:18:13.778000,1775899093778,BTCUSDT,72769.9,0.4,SELL,True
3246066431,2026-04-11T09:18:13.990000,1775899093990,BTCUSDT,72769.9,0.025,SELL,True
3246066432,2026-04-11T09:18:14.041000,1775899094041,BTCUSDT,72770.0,0.031,BUY,False
3246066433,2026-04-11T09:18:14.396000,1775899094396,BTCUSDT,72770.0,0.005,BUY,False
3246066434,2026-04-11T09:18:14.715000,1775899094715,BTCUSDT,72770.0,1.004,BUY,False
3246066435,2026-04-11T09:18:15.146000,1775899095146,BTCUSDT,72770.0,0.007,BUY,False
3246066436,2026-04-11T09:18:15.576000,1775899095576,BTCUSDT,72769.9,0.02,SELL,True
3246066437,2026-04-11T09:18:15.784000,1775899095784,BTCUSDT,72769.9,0.068,SELL,True
3246066438,2026-04-11T09:18:15.949000,1775899095949,BTCUSDT,72770.0,0.003,BUY,False
3246066439,2026-04-11T09:18:16.071000,1775899096071,BTCUSDT,72770.0,0.002,BUY,False
3246066440,2026-04-11T09:18:16.290000,1775899096290,BTCUSDT,72770.0,0.147,BUY,False
3246066441,2026-04-11T09:18:16.322000,1775899096322,BTCUSDT,72769.9,0.062,SELL,True
3246066442,2026-04-11T09:18:16.374000,1775899096374,BTCUSDT,72770.0,0.115,BUY,False
3246066443,2026-04-11T09:18:16.542000,1775899096542,BTCUSDT,72769.9,0.103,SELL,True
3246066444,2026-04-11T09:18:16.680000,1775899096680,BTCUSDT,72769.9,0.017,SELL,True
3246066445,2026-04-11T09:18:16.930000,1775899096930,BTCUSDT,72770.0,0.991,BUY,False
3246066446,2026-04-11T09:18:17.289000,1775899097289,BTCUSDT,72770.0,0.374,BUY,False
3246066447,2026-04-11T09:18:17.640000,1775899097640,BTCUSDT,72770.0,0.077,BUY,False
3246066448,2026-04-11T09:18:17.831000,1775899097831,BTCUSDT,72770.0,0.036,BUY,False
3246066449,2026-04-11T09:18:18.185000,1775899098185,BTCUSDT,72770.0,0.006,BUY,False
3246066450,2026-04-11T09:18:18.219000,1775899098219,BTCUSDT,72769.9,0.009,SELL,True
3246066451,2026-04-11T09:18:18.414000,1775899098414,BTCUSDT,72770.0,0.009,BUY,False
3246066452,2026-04-11T09:18:18.440000,1775899098440,BTCUSDT,72769.9,0.5,SELL,True
3246066453,2026-04-11T09:18:19.311000,1775899099311,BTCUSDT,72769.9,0.002,SELL,True
3246066454,2026-04-11T09:18:19.318000,1775899099318,BTCUSDT,72770.0,0.078,BUY,False
3246066455,2026-04-11T09:18:19.342000,1775899099342,BTCUSDT,72769.9,0.008,SELL,True
3246066456,2026-04-11T09:18:19.542000,1775899099542,BTCUSDT,72770.0,0.002,BUY,False
3246066457,2026-04-11T09:18:19.936000,1775899099936,BTCUSDT,72770.0,0.346,BUY,False
3246066458,2026-04-11T09:18:20.114000,1775899100114,BTCUSDT,72770.0,3.197,BUY,False
3246066459,2026-04-11T09:18:20.522000,1775899100522,BTCUSDT,72769.9,0.185,SELL,True
3246066460,2026-04-11T09:18:20.563000,1775899100563,BTCUSDT,72770.0,0.116,BUY,False
3246066461,2026-04-11T09:18:20.822000,1775899100822,BTCUSDT,72769.9,0.002,SELL,True
3246066462,2026-04-11T09:18:20.938000,1775899100938,BTCUSDT,72769.9,1.733,SELL,True
3246066463,2026-04-11T09:18:21.034000,1775899101034,BTCUSDT,72770.0,0.003,BUY,False
3246066464,2026-04-11T09:18:21.403000,1775899101403,BTCUSDT,72770.0,0.04,BUY,False
3246066465,2026-04-11T09:18:21.439000,1775899101439,BTCUSDT,72769.9,0.064,SELL,True
3246066466,2026-04-11T09:18:21.667000,1775899101667,BTCUSDT,72770.0,0.585,BUY,False
3246066467,2026-04-11T09:18:21.991000,1775899101991,BTCUSDT,72770.0,0.003,BUY,False
3246066468,2026-04-11T09:18:22.124000,1775899102124,BTCUSDT,72769.9,1.971,SELL,True
3246066469,2026-04-11T09:18:22.125000,1775899102125,BTCUSDT,72769.8,0.06,SELL,True
3246066470,2026-04-11T09:18:22.125000,1775899102125,BTCUSDT,72769.7,0.004,SELL,True
3246066471,2026-04-11T09:18:22.125000,1775899102125,BTCUSDT,72769.6,0.127,SELL,True
3246066472,2026-04-11T09:18:22.125000,1775899102125,BTCUSDT,72769.4,0.29,SELL,True
3246066473,2026-04-11T09:18:22.125000,1775899102125,BTCUSDT,72769.3,0.002,SELL,True
3246066474,2026-04-11T09:18:22.125000,1775899102125,BTCUSDT,72769.2,0.135,SELL,True
3246066475,2026-04-11T09:18:22.125000,1775899102125,BTCUSDT,72769.1,0.212,SELL,True
3246066476,2026-04-11T09:18:22.125000,1775899102125,BTCUSDT,72769.0,0.01,SELL,True
3246066477,2026-04-11T09:18:22.125000,1775899102125,BTCUSDT,72768.9,0.002,SELL,True
3246066478,2026-04-11T09:18:22.125000,1775899102125,BTCUSDT,72768.8,0.009,SELL,True
3246066479,2026-04-11T09:18:22.125000,1775899102125,BTCUSDT,72768.7,0.053,SELL,True
3246066480,2026-04-11T09:18:22.125000,1775899102125,BTCUSDT,72768.6,0.004,SELL,True
3246066481,2026-04-11T09:18:22.125000,1775899102125,BTCUSDT,72768.5,0.111,SELL,True
3246066482,2026-04-11T09:18:22.125000,1775899102125,BTCUSDT,72768.4,0.005,SELL,True
3246066483,2026-04-11T09:18:22.125000,1775899102125,BTCUSDT,72768.3,0.001,SELL,True
3246066484,2026-04-11T09:18:22.125000,1775899102125,BTCUSDT,72768.2,0.002,SELL,True
3246066485,2026-04-11T09:18:22.125000,1775899102125,BTCUSDT,72768.1,0.003,SELL,True
3246066486,2026-04-11T09:18:22.125000,1775899102125,BTCUSDT,72768.0,0.005,SELL,True
3246066487,2026-04-11T09:18:22.125000,1775899102125,BTCUSDT,72767.9,0.004,SELL,True
3246066488,2026-04-11T09:18:22.125000,1775899102125,BTCUSDT,72767.8,0.003,SELL,True
3246066489,2026-04-11T09:18:22.125000,1775899102125,BTCUSDT,72767.6,0.113,SELL,True
3246066490,2026-04-11T09:18:22.125000,1775899102125,BTCUSDT,72767.5,0.002,SELL,True
3246066491,2026-04-11T09:18:22.125000,1775899102125,BTCUSDT,72767.4,0.158,SELL,True
3246066492,2026-04-11T09:18:22.125000,1775899102125,BTCUSDT,72767.3,0.002,SELL,True
3246066493,2026-04-11T09:18:22.125000,1775899102125,BTCUSDT,72767.2,0.038,SELL,True
3246066494,2026-04-11T09:18:22.125000,1775899102125,BTCUSDT,72767.1,0.016,SELL,True
3246066495,2026-04-11T09:18:22.125000,1775899102125,BTCUSDT,72767.0,0.001,SELL,True
3246066496,2026-04-11T09:18:22.125000,1775899102125,BTCUSDT,72766.8,0.004,SELL,True
3246066497,2026-04-11T09:18:22.125000,1775899102125,BTCUSDT,72766.7,0.113,SELL,True
3246066498,2026-04-11T09:18:22.125000,1775899102125,BTCUSDT,72766.5,0.006,SELL,True
3246066499,2026-04-11T09:18:22.125000,1775899102125,BTCUSDT,72766.4,0.006,SELL,True
3246066500,2026-04-11T09:18:22.125000,1775899102125,BTCUSDT,72766.3,0.14,SELL,True
3246066501,2026-04-11T09:18:22.125000,1775899102125,BTCUSDT,72766.2,0.002,SELL,True
3246066502,2026-04-11T09:18:22.125000,1775899102125,BTCUSDT,72766.1,0.006,SELL,True
3246066503,2026-04-11T09:18:22.125000,1775899102125,BTCUSDT,72766.0,0.001,SELL,True
3246066504,2026-04-11T09:18:22.125000,1775899102125,BTCUSDT,72765.9,0.11,SELL,True
3246066505,2026-04-11T09:18:22.125000,1775899102125,BTCUSDT,72765.8,0.02,SELL,True
3246066506,2026-04-11T09:18:22.125000,1775899102125,BTCUSDT,72765.7,0.004,SELL,True
3246066507,2026-04-11T09:18:22.125000,1775899102125,BTCUSDT,72765.6,0.116,SELL,True
3246066508,2026-04-11T09:18:22.125000,1775899102125,BTCUSDT,72765.5,0.003,SELL,True
3246066509,2026-04-11T09:18:22.125000,1775899102125,BTCUSDT,72765.4,0.01,SELL,True
3246066510,2026-04-11T09:18:22.125000,1775899102125,BTCUSDT,72765.3,0.002,SELL,True
3246066511,2026-04-11T09:18:22.125000,1775899102125,BTCUSDT,72765.2,0.066,SELL,True
3246066512,2026-04-11T09:18:22.125000,1775899102125,BTCUSDT,72765.1,0.886,SELL,True
3246066513,2026-04-11T09:18:22.203000,1775899102203,BTCUSDT,72765.2,2.756,BUY,False
3246066514,2026-04-11T09:18:22.545000,1775899102545,BTCUSDT,72765.1,0.705,SELL,True
3246066515,2026-04-11T09:18:22.792000,1775899102792,BTCUSDT,72765.1,0.022,SELL,True
3246066516,2026-04-11T09:18:22.950000,1775899102950,BTCUSDT,72765.2,0.15,BUY,False
3246066517,2026-04-11T09:18:23.319000,1775899103319,BTCUSDT,72765.1,0.032,SELL,True
3246066518,2026-04-11T09:18:23.333000,1775899103333,BTCUSDT,72765.2,2.997,BUY,False
3246066519,2026-04-11T09:18:23.384000,1775899103384,BTCUSDT,72765.3,0.005,BUY,False
3246066520,2026-04-11T09:18:23.384000,1775899103384,BTCUSDT,72765.8,0.002,BUY,False
3246066521,2026-04-11T09:18:23.384000,1775899103384,BTCUSDT,72765.9,0.002,BUY,False
3246066522,2026-04-11T09:18:23.384000,1775899103384,BTCUSDT,72766.1,0.045,BUY,False
3246066523,2026-04-11T09:18:23.620000,1775899103620,BTCUSDT,72766.1,0.686,BUY,False
3246066524,2026-04-11T09:18:23.620000,1775899103620,BTCUSDT,72766.5,0.002,BUY,False
3246066525,2026-04-11T09:18:23.620000,1775899103620,BTCUSDT,72766.6,0.003,BUY,False
3246066526,2026-04-11T09:18:23.620000,1775899103620,BTCUSDT,72766.7,0.002,BUY,False
3246066527,2026-04-11T09:18:23.620000,1775899103620,BTCUSDT,72767.0,0.004,BUY,False
3246066528,2026-04-11T09:18:23.620000,1775899103620,BTCUSDT,72767.3,0.002,BUY,False
3246066529,2026-04-11T09:18:23.620000,1775899103620,BTCUSDT,72767.7,0.057,BUY,False
3246066530,2026-04-11T09:18:23.620000,1775899103620,BTCUSDT,72768.0,0.003,BUY,False
3246066531,2026-04-11T09:18:23.620000,1775899103620,BTCUSDT,72768.2,0.001,BUY,False
3246066532,2026-04-11T09:18:23.620000,1775899103620,BTCUSDT,72768.4,0.003,BUY,False
3246066533,2026-04-11T09:18:23.620000,1775899103620,BTCUSDT,72768.5,0.014,BUY,False
3246066534,2026-04-11T09:18:23.620000,1775899103620,BTCUSDT,72768.8,0.005,BUY,False
3246066535,2026-04-11T09:18:23.620000,1775899103620,BTCUSDT,72768.9,0.005,BUY,False
3246066536,2026-04-11T09:18:23.620000,1775899103620,BTCUSDT,72769.1,0.001,BUY,False
3246066537,2026-04-11T09:18:23.620000,1775899103620,BTCUSDT,72769.2,0.571,BUY,False
3246066538,2026-04-11T09:18:23.620000,1775899103620,BTCUSDT,72769.3,0.003,BUY,False
3246066539,2026-04-11T09:18:23.620000,1775899103620,BTCUSDT,72769.4,0.003,BUY,False
3246066540,2026-04-11T09:18:23.620000,1775899103620,BTCUSDT,72769.7,0.001,BUY,False
3246066541,2026-04-11T09:18:23.620000,1775899103620,BTCUSDT,72769.8,0.003,BUY,False
3246066542,2026-04-11T09:18:23.620000,1775899103620,BTCUSDT,72769.9,0.002,BUY,False
3246066543,2026-04-11T09:18:23.620000,1775899103620,BTCUSDT,72770.0,0.516,BUY,False
3246066544,2026-04-11T09:18:23.621000,1775899103621,BTCUSDT,72770.1,0.075,BUY,False
3246066545,2026-04-11T09:18:23.621000,1775899103621,BTCUSDT,72770.2,0.002,BUY,False
3246066546,2026-04-11T09:18:23.621000,1775899103621,BTCUSDT,72770.3,0.01,BUY,False
3246066547,2026-04-11T09:18:23.621000,1775899103621,BTCUSDT,72770.4,0.008,BUY,False
3246066548,2026-04-11T09:18:23.621000,1775899103621,BTCUSDT,72770.7,0.002,BUY,False
3246066549,2026-04-11T09:18:23.621000,1775899103621,BTCUSDT,72770.8,0.001,BUY,False
3246066550,2026-04-11T09:18:23.621000,1775899103621,BTCUSDT,72771.1,0.003,BUY,False
3246066551,2026-04-11T09:18:23.621000,1775899103621,BTCUSDT,72771.2,0.001,BUY,False
3246066552,2026-04-11T09:18:23.621000,1775899103621,BTCUSDT,72771.3,0.005,BUY,False
3246066553,2026-04-11T09:18:23.621000,1775899103621,BTCUSDT,72771.4,0.009,BUY,False
3246066554,2026-04-11T09:18:23.621000,1775899103621,BTCUSDT,72771.5,0.001,BUY,False
3246066555,2026-04-11T09:18:23.621000,1775899103621,BTCUSDT,72771.6,0.002,BUY,False
3246066556,2026-04-11T09:18:23.621000,1775899103621,BTCUSDT,72771.7,0.001,BUY,False
3246066557,2026-04-11T09:18:23.621000,1775899103621,BTCUSDT,72771.8,0.003,BUY,False
3246066558,2026-04-11T09:18:23.621000,1775899103621,BTCUSDT,72772.0,0.004,BUY,False
3246066559,2026-04-11T09:18:23.621000,1775899103621,BTCUSDT,72772.1,0.403,BUY,False
3246066560,2026-04-11T09:18:23.621000,1775899103621,BTCUSDT,72772.2,0.019,BUY,False
3246066561,2026-04-11T09:18:23.621000,1775899103621,BTCUSDT,72772.3,0.002,BUY,False
3246066562,2026-04-11T09:18:23.621000,1775899103621,BTCUSDT,72772.4,0.005,BUY,False
3246066563,2026-04-11T09:18:23.621000,1775899103621,BTCUSDT,72772.5,0.006,BUY,False
3246066564,2026-04-11T09:18:23.621000,1775899103621,BTCUSDT,72772.6,0.001,BUY,False
3246066565,2026-04-11T09:18:23.621000,1775899103621,BTCUSDT,72772.8,0.002,BUY,False
3246066566,2026-04-11T09:18:23.621000,1775899103621,BTCUSDT,72772.9,0.003,BUY,False
3246066567,2026-04-11T09:18:23.621000,1775899103621,BTCUSDT,72773.0,0.118,BUY,False
3246066568,2026-04-11T09:18:23.621000,1775899103621,BTCUSDT,72773.1,0.007,BUY,False
3246066569,2026-04-11T09:18:23.621000,1775899103621,BTCUSDT,72773.2,0.32,BUY,False
3246066570,2026-04-11T09:18:23.838000,1775899103838,BTCUSDT,72773.1,0.01,SELL,True
3246066571,2026-04-11T09:18:24.618000,1775899104618,BTCUSDT,72773.1,0.206,SELL,True
3246066572,2026-04-11T09:18:24.683000,1775899104683,BTCUSDT,72773.2,0.24,BUY,False
3246066573,2026-04-11T09:18:24.847000,1775899104847,BTCUSDT,72773.1,0.065,SELL,True
3246066574,2026-04-11T09:18:25.335000,1775899105335,BTCUSDT,72773.2,0.112,BUY,False
3246066575,2026-04-11T09:18:25.444000,1775899105444,BTCUSDT,72773.1,0.002,SELL,True
3246066576,2026-04-11T09:18:25.633000,1775899105633,BTCUSDT,72773.2,0.027,BUY,False
3246066577,2026-04-11T09:18:25.640000,1775899105640,BTCUSDT,72773.1,1.374,SELL,True
3246066578,2026-04-11T09:18:25.713000,1775899105713,BTCUSDT,72773.2,0.047,BUY,False
3246066579,2026-04-11T09:18:25.886000,1775899105886,BTCUSDT,72773.2,0.039,BUY,False
3246066580,2026-04-11T09:18:26.026000,1775899106026,BTCUSDT,72773.2,0.002,BUY,False
3246066581,2026-04-11T09:18:26.412000,1775899106412,BTCUSDT,72773.2,0.005,BUY,False
3246066582,2026-04-11T09:18:26.448000,1775899106448,BTCUSDT,72773.1,0.137,SELL,True
3246066583,2026-04-11T09:18:26.492000,1775899106492,BTCUSDT,72773.2,0.01,BUY,False
3246066584,2026-04-11T09:18:26.621000,1775899106621,BTCUSDT,72773.2,0.002,BUY,False
3246066585,2026-04-11T09:18:26.838000,1775899106838,BTCUSDT,72773.2,0.009,BUY,False
3246066586,2026-04-11T09:18:26.995000,1775899106995,BTCUSDT,72773.1,0.299,SELL,True
3246066587,2026-04-11T09:18:27.002000,1775899107002,BTCUSDT,72773.0,0.002,SELL,True
3246066588,2026-04-11T09:18:27.002000,1775899107002,BTCUSDT,72772.7,0.002,SELL,True
3246066589,2026-04-11T09:18:27.002000,1775899107002,BTCUSDT,72772.6,0.002,SELL,True
3246066590,2026-04-11T09:18:27.002000,1775899107002,BTCUSDT,72772.3,0.005,SELL,True
3246066591,2026-04-11T09:18:27.002000,1775899107002,BTCUSDT,72772.2,0.001,SELL,True
3246066592,2026-04-11T09:18:27.002000,1775899107002,BTCUSDT,72771.8,0.001,SELL,True
3246066593,2026-04-11T09:18:27.002000,1775899107002,BTCUSDT,72771.7,0.002,SELL,True
3246066594,2026-04-11T09:18:27.055000,1775899107055,BTCUSDT,72771.7,0.007,BUY,False
3246066595,2026-04-11T09:18:27.186000,1775899107186,BTCUSDT,72771.7,1.194,BUY,False
3246066596,2026-04-11T09:18:27.404000,1775899107404,BTCUSDT,72771.7,0.001,BUY,False
3246066597,2026-04-11T09:18:27.792000,1775899107792,BTCUSDT,72771.7,0.03,BUY,False
3246066598,2026-04-11T09:18:28.089000,1775899108089,BTCUSDT,72771.7,0.012,BUY,False
3246066599,2026-04-11T09:18:28.225000,1775899108225,BTCUSDT,72771.7,0.237,BUY,False
3246066600,2026-04-11T09:18:28.382000,1775899108382,BTCUSDT,72771.7,0.057,BUY,False
3246066601,2026-04-11T09:18:28.684000,1775899108684,BTCUSDT,72771.7,0.169,BUY,False
3246066602,2026-04-11T09:18:29.507000,1775899109507,BTCUSDT,72771.7,0.035,BUY,False
3246066603,2026-04-11T09:18:29.757000,1775899109757,BTCUSDT,72771.7,0.115,BUY,False
3246066604,2026-04-11T09:18:29.872000,1775899109872,BTCUSDT,72771.6,0.007,SELL,True
3246066605,2026-04-11T09:18:30.411000,1775899110411,BTCUSDT,72771.6,1.0,SELL,True
3246066606,2026-04-11T09:18:30.636000,1775899110636,BTCUSDT,72771.7,0.03,BUY,False
3246066607,2026-04-11T09:18:30.692000,1775899110692,BTCUSDT,72771.6,0.004,SELL,True
3246066608,2026-04-11T09:18:30.776000,1775899110776,BTCUSDT,72771.7,0.009,BUY,False
3246066609,2026-04-11T09:18:30.946000,1775899110946,BTCUSDT,72771.7,0.067,BUY,False
3246066610,2026-04-11T09:18:31.029000,1775899111029,BTCUSDT,72771.6,0.015,SELL,True
3246066611,2026-04-11T09:18:31.439000,1775899111439,BTCUSDT,72771.7,0.007,BUY,False
3246066612,2026-04-11T09:18:31.618000,1775899111618,BTCUSDT,72771.7,0.024,BUY,False
3246066613,2026-04-11T09:18:32.106000,1775899112106,BTCUSDT,72771.7,0.457,BUY,False
3246066614,2026-04-11T09:18:32.336000,1775899112336,BTCUSDT,72771.7,0.206,BUY,False
3246066615,2026-04-11T09:18:32.456000,1775899112456,BTCUSDT,72771.6,0.035,SELL,True
3246066616,2026-04-11T09:18:32.594000,1775899112594,BTCUSDT,72771.7,0.25,BUY,False
3246066617,2026-04-11T09:18:32.669000,1775899112669,BTCUSDT,72771.6,0.061,SELL,True
3246066618,2026-04-11T09:18:33.039000,1775899113039,BTCUSDT,72771.6,0.053,SELL,True
3246066619,2026-04-11T09:18:33.412000,1775899113412,BTCUSDT,72771.7,0.175,BUY,False
3246066620,2026-04-11T09:18:33.652000,1775899113652,BTCUSDT,72771.7,0.013,BUY,False
3246066621,2026-04-11T09:18:33.866000,1775899113866,BTCUSDT,72771.6,0.047,SELL,True
3246066622,2026-04-11T09:18:33.917000,1775899113917,BTCUSDT,72771.7,0.012,BUY,False
3246066623,2026-04-11T09:18:34.159000,1775899114159,BTCUSDT,72771.7,0.15,BUY,False
3246066624,2026-04-11T09:18:34.305000,1775899114305,BTCUSDT,72771.6,0.012,SELL,True
3246066625,2026-04-11T09:18:34.611000,1775899114611,BTCUSDT,72771.7,0.002,BUY,False
3246066626,2026-04-11T09:18:34.697000,1775899114697,BTCUSDT,72771.6,0.002,SELL,True
3246066627,2026-04-11T09:18:34.724000,1775899114724,BTCUSDT,72771.7,0.075,BUY,False
3246066628,2026-04-11T09:18:34.859000,1775899114859,BTCUSDT,72771.6,0.003,SELL,True
3246066629,2026-04-11T09:18:34.984000,1775899114984,BTCUSDT,72771.6,0.031,SELL,True
3246066630,2026-04-11T09:18:35.153000,1775899115153,BTCUSDT,72771.7,0.006,BUY,False
3246066631,2026-04-11T09:18:35.284000,1775899115284,BTCUSDT,72771.6,2.365,SELL,True
3246066632,2026-04-11T09:18:35.326000,1775899115326,BTCUSDT,72771.7,0.002,BUY,False
3246066633,2026-04-11T09:18:35.552000,1775899115552,BTCUSDT,72771.7,0.329,BUY,False
3246066634,2026-04-11T09:18:35.675000,1775899115675,BTCUSDT,72771.7,0.006,BUY,False
3246066635,2026-04-11T09:18:35.708000,1775899115708,BTCUSDT,72771.6,1.198,SELL,True
3246066636,2026-04-11T09:18:35.726000,1775899115726,BTCUSDT,72771.7,5.002,BUY,False
3246066637,2026-04-11T09:18:35.820000,1775899115820,BTCUSDT,72771.6,0.434,SELL,True
3246066638,2026-04-11T09:18:35.831000,1775899115831,BTCUSDT,72771.5,0.055,SELL,True
3246066639,2026-04-11T09:18:36.619000,1775899116619,BTCUSDT,72771.5,1.113,SELL,True
3246066640,2026-04-11T09:18:36.803000,1775899116803,BTCUSDT,72771.6,0.012,BUY,False
3246066641,2026-04-11T09:18:36.810000,1775899116810,BTCUSDT,72771.5,1.134,SELL,True
3246066642,2026-04-11T09:18:36.814000,1775899116814,BTCUSDT,72771.2,0.002,SELL,True
3246066643,2026-04-11T09:18:36.814000,1775899116814,BTCUSDT,72771.1,0.002,SELL,True
3246066644,2026-04-11T09:18:36.814000,1775899116814,BTCUSDT,72770.8,0.002,SELL,True
3246066645,2026-04-11T09:18:36.819000,1775899116819,BTCUSDT,72770.4,0.004,SELL,True
3246066646,2026-04-11T09:18:36.819000,1775899116819,BTCUSDT,72770.0,0.005,SELL,True
3246066647,2026-04-11T09:18:36.819000,1775899116819,BTCUSDT,72769.9,0.014,SELL,True
3246066648,2026-04-11T09:18:36.819000,1775899116819,BTCUSDT,72769.8,0.003,SELL,True
3246066649,2026-04-11T09:18:36.829000,1775899116829,BTCUSDT,72769.7,0.078,SELL,True
3246066650,2026-04-11T09:18:36.843000,1775899116843,BTCUSDT,72769.6,0.002,SELL,True
3246066651,2026-04-11T09:18:36.843000,1775899116843,BTCUSDT,72769.5,0.002,SELL,True
3246066652,2026-04-11T09:18:36.843000,1775899116843,BTCUSDT,72769.4,0.002,SELL,True
3246066653,2026-04-11T09:18:36.843000,1775899116843,BTCUSDT,72769.3,0.003,SELL,True
3246066654,2026-04-11T09:18:36.843000,1775899116843,BTCUSDT,72769.1,0.002,SELL,True
3246066655,2026-04-11T09:18:36.843000,1775899116843,BTCUSDT,72768.6,0.005,SELL,True
3246066656,2026-04-11T09:18:36.843000,1775899116843,BTCUSDT,72768.4,0.006,SELL,True
3246066657,2026-04-11T09:18:36.846000,1775899116846,BTCUSDT,72768.2,0.021,SELL,True
3246066658,2026-04-11T09:18:36.933000,1775899116933,BTCUSDT,72768.3,0.034,BUY,False
3246066659,2026-04-11T09:18:37.439000,1775899117439,BTCUSDT,72768.3,0.004,BUY,False
3246066660,2026-04-11T09:18:37.551000,1775899117551,BTCUSDT,72768.3,0.763,BUY,False
3246066661,2026-04-11T09:18:37.718000,1775899117718,BTCUSDT,72768.2,0.002,SELL,True
3246066662,2026-04-11T09:18:37.859000,1775899117859,BTCUSDT,72768.2,0.939,SELL,True
3246066663,2026-04-11T09:18:39.125000,1775899119125,BTCUSDT,72768.3,0.044,BUY,False
3246066664,2026-04-11T09:18:39.259000,1775899119259,BTCUSDT,72768.3,0.032,BUY,False
3246066665,2026-04-11T09:18:39.401000,1775899119401,BTCUSDT,72768.3,0.062,BUY,False
3246066666,2026-04-11T09:18:39.792000,1775899119792,BTCUSDT,72768.2,0.007,SELL,True
3246066667,2026-04-11T09:18:39.948000,1775899119948,BTCUSDT,72768.2,0.007,SELL,True
3246066668,2026-04-11T09:18:39.967000,1775899119967,BTCUSDT,72768.3,0.001,BUY,False
3246066669,2026-04-11T09:18:40.744000,1775899120744,BTCUSDT,72768.3,0.01,BUY,False
3246066670,2026-04-11T09:18:40.754000,1775899120754,BTCUSDT,72768.2,0.015,SELL,True
3246066671,2026-04-11T09:18:40.950000,1775899120950,BTCUSDT,72768.3,0.02,BUY,False
3246066672,2026-04-11T09:18:40.954000,1775899120954,BTCUSDT,72768.2,0.037,SELL,True
3246066673,2026-04-11T09:18:41.261000,1775899121261,BTCUSDT,72768.3,0.342,BUY,False
3246066674,2026-04-11T09:18:41.605000,1775899121605,BTCUSDT,72768.2,0.013,SELL,True
3246066675,2026-04-11T09:18:41.605000,1775899121605,BTCUSDT,72768.0,0.006,SELL,True
3246066676,2026-04-11T09:18:41.605000,1775899121605,BTCUSDT,72767.9,0.002,SELL,True
3246066677,2026-04-11T09:18:41.614000,1775899121614,BTCUSDT,72767.6,0.008,SELL,True
3246066678,2026-04-11T09:18:41.809000,1775899121809,BTCUSDT,72767.7,0.132,BUY,False
3246066679,2026-04-11T09:18:42.309000,1775899122309,BTCUSDT,72767.7,0.028,BUY,False
3246066680,2026-04-11T09:18:42.414000,1775899122414,BTCUSDT,72767.7,0.035,BUY,False
3246066681,2026-04-11T09:18:42.633000,1775899122633,BTCUSDT,72767.7,0.054,BUY,False
3246066682,2026-04-11T09:18:42.645000,1775899122645,BTCUSDT,72767.6,0.068,SELL,True
3246066683,2026-04-11T09:18:42.772000,1775899122772,BTCUSDT,72767.7,0.007,BUY,False
3246066684,2026-04-11T09:18:42.891000,1775899122891,BTCUSDT,72767.7,0.018,BUY,False
3246066685,2026-04-11T09:18:43.113000,1775899123113,BTCUSDT,72767.7,0.024,BUY,False
3246066686,2026-04-11T09:18:43.446000,1775899123446,BTCUSDT,72767.7,0.242,BUY,False
3246066687,2026-04-11T09:18:43.680000,1775899123680,BTCUSDT,72767.6,0.056,SELL,True
3246066688,2026-04-11T09:18:44.379000,1775899124379,BTCUSDT,72767.7,0.064,BUY,False
3246066689,2026-04-11T09:18:44.515000,1775899124515,BTCUSDT,72767.7,0.835,BUY,False
3246066690,2026-04-11T09:18:44.689000,1775899124689,BTCUSDT,72767.6,0.002,SELL,True
3246066691,2026-04-11T09:18:45.082000,1775899125082,BTCUSDT,72767.7,0.027,BUY,False
3246066692,2026-04-11T09:18:45.359000,1775899125359,BTCUSDT,72767.7,0.078,BUY,False
3246066693,2026-04-11T09:18:45.501000,1775899125501,BTCUSDT,72767.7,0.2,BUY,False
3246066694,2026-04-11T09:18:45.657000,1775899125657,BTCUSDT,72767.7,0.054,BUY,False
3246066695,2026-04-11T09:18:45.992000,1775899125992,BTCUSDT,72767.7,0.002,BUY,False
3246066696,2026-04-11T09:18:46.034000,1775899126034,BTCUSDT,72767.6,0.397,SELL,True
3246066697,2026-04-11T09:18:46.268000,1775899126268,BTCUSDT,72767.7,0.085,BUY,False
3246066698,2026-04-11T09:18:46.312000,1775899126312,BTCUSDT,72767.6,0.002,SELL,True
3246066699,2026-04-11T09:18:46.371000,1775899126371,BTCUSDT,72767.7,2.202,BUY,False
3246066700,2026-04-11T09:18:46.463000,1775899126463,BTCUSDT,72767.8,0.005,BUY,False
3246066701,2026-04-11T09:18:46.463000,1775899126463,BTCUSDT,72768.0,0.002,BUY,False
3246066702,2026-04-11T09:18:46.463000,1775899126463,BTCUSDT,72768.1,0.002,BUY,False
3246066703,2026-04-11T09:18:46.463000,1775899126463,BTCUSDT,72768.2,0.093,BUY,False
3246066704,2026-04-11T09:18:46.463000,1775899126463,BTCUSDT,72768.3,0.217,BUY,False
3246066705,2026-04-11T09:18:46.463000,1775899126463,BTCUSDT,72768.5,0.002,BUY,False
3246066706,2026-04-11T09:18:46.463000,1775899126463,BTCUSDT,72768.8,0.004,BUY,False
3246066707,2026-04-11T09:18:46.463000,1775899126463,BTCUSDT,72769.1,0.002,BUY,False
3246066708,2026-04-11T09:18:46.463000,1775899126463,BTCUSDT,72769.4,0.002,BUY,False
3246066709,2026-04-11T09:18:46.463000,1775899126463,BTCUSDT,72769.5,0.004,BUY,False
3246066710,2026-04-11T09:18:46.463000,1775899126463,BTCUSDT,72769.8,0.003,BUY,False
3246066711,2026-04-11T09:18:46.463000,1775899126463,BTCUSDT,72769.9,0.002,BUY,False
3246066712,2026-04-11T09:18:46.463000,1775899126463,BTCUSDT,72770.0,0.435,BUY,False
3246066713,2026-04-11T09:18:46.463000,1775899126463,BTCUSDT,72770.3,0.004,BUY,False
3246066714,2026-04-11T09:18:46.463000,1775899126463,BTCUSDT,72770.4,0.559,BUY,False
3246066715,2026-04-11T09:18:46.463000,1775899126463,BTCUSDT,72770.5,0.001,BUY,False
3246066716,2026-04-11T09:18:46.463000,1775899126463,BTCUSDT,72770.6,0.115,BUY,False
3246066717,2026-04-11T09:18:46.463000,1775899126463,BTCUSDT,72770.8,0.004,BUY,False
3246066718,2026-04-11T09:18:46.463000,1775899126463,BTCUSDT,72771.0,0.002,BUY,False
3246066719,2026-04-11T09:18:46.463000,1775899126463,BTCUSDT,72771.1,0.001,BUY,False
3246066720,2026-04-11T09:18:46.463000,1775899126463,BTCUSDT,72771.2,0.002,BUY,False
3246066721,2026-04-11T09:18:46.463000,1775899126463,BTCUSDT,72771.3,0.028,BUY,False
3246066722,2026-04-11T09:18:46.463000,1775899126463,BTCUSDT,72771.4,0.004,BUY,False
3246066723,2026-04-11T09:18:46.463000,1775899126463,BTCUSDT,72771.6,0.003,BUY,False
3246066724,2026-04-11T09:18:46.463000,1775899126463,BTCUSDT,72771.7,0.003,BUY,False
3246066725,2026-04-11T09:18:46.463000,1775899126463,BTCUSDT,72772.0,0.002,BUY,False
3246066726,2026-04-11T09:18:46.463000,1775899126463,BTCUSDT,72772.1,0.111,BUY,False
3246066727,2026-04-11T09:18:46.463000,1775899126463,BTCUSDT,72772.2,0.018,BUY,False
3246066728,2026-04-11T09:18:46.463000,1775899126463,BTCUSDT,72772.3,0.004,BUY,False
3246066729,2026-04-11T09:18:46.463000,1775899126463,BTCUSDT,72772.4,0.002,BUY,False
3246066730,2026-04-11T09:18:46.463000,1775899126463,BTCUSDT,72772.5,0.303,BUY,False
3246066731,2026-04-11T09:18:46.463000,1775899126463,BTCUSDT,72772.6,0.055,BUY,False
3246066732,2026-04-11T09:18:46.906000,1775899126906,BTCUSDT,72772.6,0.044,BUY,False
3246066733,2026-04-11T09:18:47.062000,1775899127062,BTCUSDT,72772.6,0.016,BUY,False
3246066734,2026-04-11T09:18:47.150000,1775899127150,BTCUSDT,72772.5,0.022,SELL,True
3246066735,2026-04-11T09:18:47.257000,1775899127257,BTCUSDT,72772.5,0.01,SELL,True
3246066736,2026-04-11T09:18:47.264000,1775899127264,BTCUSDT,72772.6,0.103,BUY,False
3246066737,2026-04-11T09:18:47.295000,1775899127295,BTCUSDT,72772.5,2.795,SELL,True
3246066738,2026-04-11T09:18:47.306000,1775899127306,BTCUSDT,72772.4,0.016,SELL,True
3246066739,2026-04-11T09:18:47.474000,1775899127474,BTCUSDT,72772.5,0.581,BUY,False
3246066740,2026-04-11T09:18:47.611000,1775899127611,BTCUSDT,72772.4,0.006,SELL,True
3246066741,2026-04-11T09:18:48.162000,1775899128162,BTCUSDT,72772.5,0.006,BUY,False
3246066742,2026-04-11T09:18:48.253000,1775899128253,BTCUSDT,72772.4,0.002,SELL,True
3246066743,2026-04-11T09:18:48.414000,1775899128414,BTCUSDT,72772.5,0.276,BUY,False
3246066744,2026-04-11T09:18:48.775000,1775899128775,BTCUSDT,72772.4,0.005,SELL,True
3246066745,2026-04-11T09:18:49.189000,1775899129189,BTCUSDT,72772.4,0.004,SELL,True
3246066746,2026-04-11T09:18:49.226000,1775899129226,BTCUSDT,72772.5,0.002,BUY,False
3246066747,2026-04-11T09:18:49.356000,1775899129356,BTCUSDT,72772.5,0.01,BUY,False
3246066748,2026-04-11T09:18:49.836000,1775899129836,BTCUSDT,72772.5,0.005,BUY,False
3246066749,2026-04-11T09:18:50.017000,1775899130017,BTCUSDT,72772.4,0.002,SELL,True
3246066750,2026-04-11T09:18:50.063000,1775899130063,BTCUSDT,72772.5,0.02,BUY,False
3246066751,2026-04-11T09:18:50.164000,1775899130164,BTCUSDT,72772.5,0.001,BUY,False
3246066752,2026-04-11T09:18:50.369000,1775899130369,BTCUSDT,72772.5,0.105,BUY,False
3246066753,2026-04-11T09:18:50.802000,1775899130802,BTCUSDT,72772.4,0.004,SELL,True
3246066754,2026-04-11T09:18:50.897000,1775899130897,BTCUSDT,72772.5,0.195,BUY,False
3246066755,2026-04-11T09:18:51.069000,1775899131069,BTCUSDT,72772.4,0.002,SELL,True
3246066756,2026-04-11T09:18:51.122000,1775899131122,BTCUSDT,72772.5,0.2,BUY,False
3246066757,2026-04-11T09:18:51.287000,1775899131287,BTCUSDT,72772.4,2.939,SELL,True
3246066758,2026-04-11T09:18:51.396000,1775899131396,BTCUSDT,72772.5,0.047,BUY,False
3246066759,2026-04-11T09:18:51.719000,1775899131719,BTCUSDT,72772.4,0.004,SELL,True
3246066760,2026-04-11T09:18:51.813000,1775899131813,BTCUSDT,72772.5,0.002,BUY,False
3246066761,2026-04-11T09:18:52.015000,1775899132015,BTCUSDT,72772.4,0.108,SELL,True
3246066762,2026-04-11T09:18:52.017000,1775899132017,BTCUSDT,72771.9,0.002,SELL,True
3246066763,2026-04-11T09:18:52.017000,1775899132017,BTCUSDT,72771.8,0.002,SELL,True
3246066764,2026-04-11T09:18:52.017000,1775899132017,BTCUSDT,72771.3,0.002,SELL,True
3246066765,2026-04-11T09:18:52.017000,1775899132017,BTCUSDT,72771.0,0.002,SELL,True
3246066766,2026-04-11T09:18:52.017000,1775899132017,BTCUSDT,72770.7,0.001,SELL,True
3246066767,2026-04-11T09:18:52.017000,1775899132017,BTCUSDT,72770.6,0.003,SELL,True
3246066768,2026-04-11T09:18:52.017000,1775899132017,BTCUSDT,72770.4,0.002,SELL,True
3246066769,2026-04-11T09:18:52.020000,1775899132020,BTCUSDT,72770.0,0.025,SELL,True
3246066770,2026-04-11T09:18:52.026000,1775899132026,BTCUSDT,72769.8,0.002,SELL,True
3246066771,2026-04-11T09:18:52.026000,1775899132026,BTCUSDT,72769.7,0.002,SELL,True
3246066772,2026-04-11T09:18:52.026000,1775899132026,BTCUSDT,72769.1,0.001,SELL,True
3246066773,2026-04-11T09:18:52.026000,1775899132026,BTCUSDT,72769.0,0.003,SELL,True
3246066774,2026-04-11T09:18:52.026000,1775899132026,BTCUSDT,72768.9,0.001,SELL,True
3246066775,2026-04-11T09:18:52.026000,1775899132026,BTCUSDT,72768.7,0.015,SELL,True
3246066776,2026-04-11T09:18:52.026000,1775899132026,BTCUSDT,72768.6,0.004,SELL,True
3246066777,2026-04-11T09:18:52.026000,1775899132026,BTCUSDT,72768.5,0.081,SELL,True
3246066778,2026-04-11T09:18:52.026000,1775899132026,BTCUSDT,72768.4,0.001,SELL,True
3246066779,2026-04-11T09:18:52.026000,1775899132026,BTCUSDT,72768.3,0.002,SELL,True
3246066780,2026-04-11T09:18:52.026000,1775899132026,BTCUSDT,72768.2,0.002,SELL,True
3246066781,2026-04-11T09:18:52.026000,1775899132026,BTCUSDT,72768.0,0.004,SELL,True
3246066782,2026-04-11T09:18:52.026000,1775899132026,BTCUSDT,72767.9,0.002,SELL,True
3246066783,2026-04-11T09:18:52.026000,1775899132026,BTCUSDT,72767.8,0.035,SELL,True
3246066784,2026-04-11T09:18:52.026000,1775899132026,BTCUSDT,72767.6,0.261,SELL,True
3246066785,2026-04-11T09:18:52.026000,1775899132026,BTCUSDT,72767.4,0.004,SELL,True
3246066786,2026-04-11T09:18:52.026000,1775899132026,BTCUSDT,72767.3,0.003,SELL,True
3246066787,2026-04-11T09:18:52.026000,1775899132026,BTCUSDT,72767.2,0.028,SELL,True
3246066788,2026-04-11T09:18:52.026000,1775899132026,BTCUSDT,72767.0,0.001,SELL,True
3246066789,2026-04-11T09:18:52.026000,1775899132026,BTCUSDT,72766.9,0.006,SELL,True
3246066790,2026-04-11T09:18:52.026000,1775899132026,BTCUSDT,72766.8,0.009,SELL,True
3246066791,2026-04-11T09:18:52.026000,1775899132026,BTCUSDT,72766.7,0.002,SELL,True
3246066792,2026-04-11T09:18:52.026000,1775899132026,BTCUSDT,72766.6,0.003,SELL,True
3246066793,2026-04-11T09:18:52.026000,1775899132026,BTCUSDT,72766.5,0.001,SELL,True
