agg_trade_id,timestamp_utc,timestamp_ms,symbol,price,quantity,side,is_buyer_maker
2907605801,2026-04-11T13:11:54.142000,1775913114142,ETHUSDT,2233.52,0.661,BUY,False
2907605802,2026-04-11T13:11:54.142000,1775913114142,ETHUSDT,2233.53,0.345,BUY,False
2907605803,2026-04-11T13:11:54.142000,1775913114142,ETHUSDT,2233.54,0.452,BUY,False
2907605804,2026-04-11T13:11:54.142000,1775913114142,ETHUSDT,2233.55,7.196,BUY,False
2907605805,2026-04-11T13:11:54.142000,1775913114142,ETHUSDT,2233.56,0.1,BUY,False
2907605806,2026-04-11T13:11:54.142000,1775913114142,ETHUSDT,2233.57,0.017,BUY,False
2907605807,2026-04-11T13:11:54.142000,1775913114142,ETHUSDT,2233.58,3.867,BUY,False
2907605808,2026-04-11T13:11:54.142000,1775913114142,ETHUSDT,2233.59,6.896,BUY,False
2907605809,2026-04-11T13:11:54.142000,1775913114142,ETHUSDT,2233.6,3.202,BUY,False
2907605810,2026-04-11T13:11:54.143000,1775913114143,ETHUSDT,2233.61,6.091,BUY,False
2907605811,2026-04-11T13:11:54.143000,1775913114143,ETHUSDT,2233.62,0.158,BUY,False
2907605812,2026-04-11T13:11:54.143000,1775913114143,ETHUSDT,2233.63,0.447,BUY,False
2907605813,2026-04-11T13:11:54.143000,1775913114143,ETHUSDT,2233.64,3.823,BUY,False
2907605814,2026-04-11T13:11:54.143000,1775913114143,ETHUSDT,2233.65,0.04,BUY,False
2907605815,2026-04-11T13:11:54.143000,1775913114143,ETHUSDT,2233.66,10.372,BUY,False
2907605816,2026-04-11T13:11:54.143000,1775913114143,ETHUSDT,2233.67,10.322,BUY,False
2907605817,2026-04-11T13:11:54.143000,1775913114143,ETHUSDT,2233.68,4.651,BUY,False
2907605818,2026-04-11T13:11:54.143000,1775913114143,ETHUSDT,2233.69,14.172,BUY,False
2907605819,2026-04-11T13:11:54.143000,1775913114143,ETHUSDT,2233.7,3.246,BUY,False
2907605820,2026-04-11T13:11:54.143000,1775913114143,ETHUSDT,2233.71,3.92,BUY,False
2907605821,2026-04-11T13:11:54.143000,1775913114143,ETHUSDT,2233.72,0.07,BUY,False
2907605822,2026-04-11T13:11:54.143000,1775913114143,ETHUSDT,2233.73,7.702,BUY,False
2907605823,2026-04-11T13:11:54.143000,1775913114143,ETHUSDT,2233.74,0.059,BUY,False
2907605824,2026-04-11T13:11:54.143000,1775913114143,ETHUSDT,2233.75,9.497,BUY,False
2907605825,2026-04-11T13:11:54.143000,1775913114143,ETHUSDT,2233.76,5.518,BUY,False
2907605826,2026-04-11T13:11:54.143000,1775913114143,ETHUSDT,2233.77,18.977,BUY,False
2907605827,2026-04-11T13:11:54.143000,1775913114143,ETHUSDT,2233.78,44.752,BUY,False
2907605828,2026-04-11T13:11:54.143000,1775913114143,ETHUSDT,2233.79,4.502,BUY,False
2907605829,2026-04-11T13:11:54.143000,1775913114143,ETHUSDT,2233.8,20.693,BUY,False
2907605830,2026-04-11T13:11:54.143000,1775913114143,ETHUSDT,2233.81,32.231,BUY,False
2907605831,2026-04-11T13:11:54.143000,1775913114143,ETHUSDT,2233.82,12.108,BUY,False
2907605832,2026-04-11T13:11:54.143000,1775913114143,ETHUSDT,2233.83,1.746,BUY,False
2907605833,2026-04-11T13:11:54.143000,1775913114143,ETHUSDT,2233.84,1.865,BUY,False
2907605834,2026-04-11T13:11:54.143000,1775913114143,ETHUSDT,2233.85,2.175,BUY,False
2907605835,2026-04-11T13:11:54.143000,1775913114143,ETHUSDT,2233.86,3.043,BUY,False
2907605836,2026-04-11T13:11:54.143000,1775913114143,ETHUSDT,2233.87,4.559,BUY,False
2907605837,2026-04-11T13:11:54.143000,1775913114143,ETHUSDT,2233.88,12.535,BUY,False
2907605838,2026-04-11T13:11:54.143000,1775913114143,ETHUSDT,2233.89,1.179,BUY,False
2907605839,2026-04-11T13:11:54.143000,1775913114143,ETHUSDT,2233.9,2.821,BUY,False
2907605840,2026-04-11T13:11:54.143000,1775913114143,ETHUSDT,2233.91,0.308,BUY,False
2907605841,2026-04-11T13:11:54.143000,1775913114143,ETHUSDT,2233.92,11.769,BUY,False
2907605842,2026-04-11T13:11:54.143000,1775913114143,ETHUSDT,2233.93,16.015,BUY,False
2907605843,2026-04-11T13:11:54.143000,1775913114143,ETHUSDT,2233.94,1.315,BUY,False
2907605844,2026-04-11T13:11:54.147000,1775913114147,ETHUSDT,2233.5,48.777,BUY,False
2907605845,2026-04-11T13:11:54.148000,1775913114148,ETHUSDT,2233.53,0.011,BUY,False
2907605846,2026-04-11T13:11:54.148000,1775913114148,ETHUSDT,2233.56,0.011,BUY,False
2907605847,2026-04-11T13:11:54.148000,1775913114148,ETHUSDT,2233.59,0.011,BUY,False
2907605848,2026-04-11T13:11:54.148000,1775913114148,ETHUSDT,2233.62,0.011,BUY,False
2907605849,2026-04-11T13:11:54.152000,1775913114152,ETHUSDT,2233.64,34.006,BUY,False
2907605850,2026-04-11T13:11:54.253000,1775913114253,ETHUSDT,2233.63,0.06,SELL,True
2907605851,2026-04-11T13:11:54.263000,1775913114263,ETHUSDT,2233.64,1.028,BUY,False
2907605852,2026-04-11T13:11:54.326000,1775913114326,ETHUSDT,2233.63,0.138,SELL,True
2907605853,2026-04-11T13:11:54.443000,1775913114443,ETHUSDT,2233.63,2.408,SELL,True
2907605854,2026-04-11T13:11:54.480000,1775913114480,ETHUSDT,2233.64,8.588,BUY,False
2907605855,2026-04-11T13:11:54.584000,1775913114584,ETHUSDT,2233.64,0.314,BUY,False
2907605856,2026-04-11T13:11:54.724000,1775913114724,ETHUSDT,2233.64,8.885,BUY,False
2907605857,2026-04-11T13:11:54.840000,1775913114840,ETHUSDT,2233.64,11.74,BUY,False
2907605858,2026-04-11T13:11:55.014000,1775913115014,ETHUSDT,2233.63,0.067,SELL,True
2907605859,2026-04-11T13:11:55.052000,1775913115052,ETHUSDT,2233.64,0.111,BUY,False
2907605860,2026-04-11T13:11:55.091000,1775913115091,ETHUSDT,2233.63,0.12,SELL,True
2907605861,2026-04-11T13:11:55.109000,1775913115109,ETHUSDT,2233.64,2.126,BUY,False
2907605862,2026-04-11T13:11:55.214000,1775913115214,ETHUSDT,2233.63,1.654,SELL,True
2907605863,2026-04-11T13:11:55.232000,1775913115232,ETHUSDT,2233.64,0.157,BUY,False
2907605864,2026-04-11T13:11:55.296000,1775913115296,ETHUSDT,2233.63,24.051,SELL,True
2907605865,2026-04-11T13:11:55.406000,1775913115406,ETHUSDT,2233.64,0.5,BUY,False
2907605866,2026-04-11T13:11:55.634000,1775913115634,ETHUSDT,2233.64,0.46,BUY,False
2907605867,2026-04-11T13:11:55.634000,1775913115634,ETHUSDT,2233.65,0.01,BUY,False
2907605868,2026-04-11T13:11:55.634000,1775913115634,ETHUSDT,2233.66,0.022,BUY,False
2907605869,2026-04-11T13:11:55.634000,1775913115634,ETHUSDT,2233.68,0.07,BUY,False
2907605870,2026-04-11T13:11:55.637000,1775913115637,ETHUSDT,2233.69,1.45,BUY,False
2907605871,2026-04-11T13:11:55.776000,1775913115776,ETHUSDT,2233.69,0.754,BUY,False
2907605872,2026-04-11T13:11:55.931000,1775913115931,ETHUSDT,2233.68,1.012,SELL,True
2907605873,2026-04-11T13:11:55.967000,1775913115967,ETHUSDT,2233.69,0.862,BUY,False
2907605874,2026-04-11T13:11:56.080000,1775913116080,ETHUSDT,2233.68,0.54,SELL,True
2907605875,2026-04-11T13:11:56.306000,1775913116306,ETHUSDT,2233.68,4.339,SELL,True
2907605876,2026-04-11T13:11:56.542000,1775913116542,ETHUSDT,2233.69,5.0,BUY,False
2907605877,2026-04-11T13:11:56.821000,1775913116821,ETHUSDT,2233.68,0.707,SELL,True
2907605878,2026-04-11T13:11:57.006000,1775913117006,ETHUSDT,2233.68,0.3,SELL,True
2907605879,2026-04-11T13:11:57.338000,1775913117338,ETHUSDT,2233.68,1.0,SELL,True
2907605880,2026-04-11T13:11:57.367000,1775913117367,ETHUSDT,2233.69,2.218,BUY,False
2907605881,2026-04-11T13:11:57.536000,1775913117536,ETHUSDT,2233.69,0.608,BUY,False
2907605882,2026-04-11T13:11:57.538000,1775913117538,ETHUSDT,2233.7,0.068,BUY,False
2907605883,2026-04-11T13:11:57.538000,1775913117538,ETHUSDT,2233.72,0.012,BUY,False
2907605884,2026-04-11T13:11:57.538000,1775913117538,ETHUSDT,2233.73,0.001,BUY,False
2907605885,2026-04-11T13:11:57.538000,1775913117538,ETHUSDT,2233.74,0.02,BUY,False
2907605886,2026-04-11T13:11:57.538000,1775913117538,ETHUSDT,2233.75,0.022,BUY,False
2907605887,2026-04-11T13:11:57.538000,1775913117538,ETHUSDT,2233.76,0.011,BUY,False
2907605888,2026-04-11T13:11:57.538000,1775913117538,ETHUSDT,2233.77,0.019,BUY,False
2907605889,2026-04-11T13:11:57.538000,1775913117538,ETHUSDT,2233.78,0.011,BUY,False
2907605890,2026-04-11T13:11:57.538000,1775913117538,ETHUSDT,2233.79,0.01,BUY,False
2907605891,2026-04-11T13:11:57.538000,1775913117538,ETHUSDT,2233.8,0.011,BUY,False
2907605892,2026-04-11T13:11:57.538000,1775913117538,ETHUSDT,2233.81,0.012,BUY,False
2907605893,2026-04-11T13:11:57.538000,1775913117538,ETHUSDT,2233.82,0.013,BUY,False
2907605894,2026-04-11T13:11:57.538000,1775913117538,ETHUSDT,2233.7,0.018,BUY,False
2907605895,2026-04-11T13:11:57.541000,1775913117541,ETHUSDT,2233.82,0.06,BUY,False
2907605896,2026-04-11T13:11:57.583000,1775913117583,ETHUSDT,2233.81,4.832,SELL,True
2907605897,2026-04-11T13:11:57.703000,1775913117703,ETHUSDT,2233.82,2.39,BUY,False
2907605898,2026-04-11T13:11:57.866000,1775913117866,ETHUSDT,2233.82,0.018,BUY,False
2907605899,2026-04-11T13:11:57.951000,1775913117951,ETHUSDT,2233.81,0.227,SELL,True
2907605900,2026-04-11T13:11:58.084000,1775913118084,ETHUSDT,2233.82,0.155,BUY,False
2907605901,2026-04-11T13:11:58.121000,1775913118121,ETHUSDT,2233.81,0.5,SELL,True
2907605902,2026-04-11T13:11:58.157000,1775913118157,ETHUSDT,2233.82,2.792,BUY,False
2907605903,2026-04-11T13:11:58.350000,1775913118350,ETHUSDT,2233.81,4.0,SELL,True
2907605904,2026-04-11T13:11:58.383000,1775913118383,ETHUSDT,2233.82,10.0,BUY,False
2907605905,2026-04-11T13:11:58.568000,1775913118568,ETHUSDT,2233.81,0.223,SELL,True
2907605906,2026-04-11T13:11:58.685000,1775913118685,ETHUSDT,2233.81,0.591,SELL,True
2907605907,2026-04-11T13:11:58.783000,1775913118783,ETHUSDT,2233.82,24.099,BUY,False
2907605908,2026-04-11T13:11:58.783000,1775913118783,ETHUSDT,2233.83,0.009,BUY,False
2907605909,2026-04-11T13:11:58.783000,1775913118783,ETHUSDT,2233.84,0.035,BUY,False
2907605910,2026-04-11T13:11:58.783000,1775913118783,ETHUSDT,2233.85,0.022,BUY,False
2907605911,2026-04-11T13:11:58.783000,1775913118783,ETHUSDT,2233.86,0.001,BUY,False
2907605912,2026-04-11T13:11:58.783000,1775913118783,ETHUSDT,2233.87,0.019,BUY,False
2907605913,2026-04-11T13:11:58.783000,1775913118783,ETHUSDT,2233.88,1.401,BUY,False
2907605914,2026-04-11T13:11:58.783000,1775913118783,ETHUSDT,2233.89,0.01,BUY,False
2907605915,2026-04-11T13:11:58.783000,1775913118783,ETHUSDT,2233.9,1.414,BUY,False
2907605916,2026-04-11T13:11:58.784000,1775913118784,ETHUSDT,2233.91,0.01,BUY,False
2907605917,2026-04-11T13:11:58.784000,1775913118784,ETHUSDT,2233.92,0.031,BUY,False
2907605918,2026-04-11T13:11:58.784000,1775913118784,ETHUSDT,2233.93,0.001,BUY,False
2907605919,2026-04-11T13:11:58.784000,1775913118784,ETHUSDT,2233.94,4.019,BUY,False
2907605920,2026-04-11T13:11:58.784000,1775913118784,ETHUSDT,2233.95,0.229,BUY,False
2907605921,2026-04-11T13:11:58.784000,1775913118784,ETHUSDT,2233.96,0.582,BUY,False
2907605922,2026-04-11T13:11:58.784000,1775913118784,ETHUSDT,2233.97,1.653,BUY,False
2907605923,2026-04-11T13:11:58.999000,1775913118999,ETHUSDT,2233.96,0.223,SELL,True
2907605924,2026-04-11T13:11:59.085000,1775913119085,ETHUSDT,2233.97,3.356,BUY,False
2907605925,2026-04-11T13:11:59.107000,1775913119107,ETHUSDT,2233.96,1.502,SELL,True
2907605926,2026-04-11T13:11:59.162000,1775913119162,ETHUSDT,2233.97,1.343,BUY,False
2907605927,2026-04-11T13:11:59.200000,1775913119200,ETHUSDT,2233.96,0.644,SELL,True
2907605928,2026-04-11T13:11:59.223000,1775913119223,ETHUSDT,2233.97,22.424,BUY,False
2907605929,2026-04-11T13:11:59.240000,1775913119240,ETHUSDT,2233.96,1.324,SELL,True
2907605930,2026-04-11T13:11:59.240000,1775913119240,ETHUSDT,2233.95,0.036,SELL,True
2907605931,2026-04-11T13:11:59.240000,1775913119240,ETHUSDT,2233.94,0.031,SELL,True
2907605932,2026-04-11T13:11:59.240000,1775913119240,ETHUSDT,2233.93,0.018,SELL,True
2907605933,2026-04-11T13:11:59.240000,1775913119240,ETHUSDT,2233.92,0.001,SELL,True
2907605934,2026-04-11T13:11:59.240000,1775913119240,ETHUSDT,2233.91,0.021,SELL,True
2907605935,2026-04-11T13:11:59.240000,1775913119240,ETHUSDT,2233.9,0.01,SELL,True
2907605936,2026-04-11T13:11:59.240000,1775913119240,ETHUSDT,2233.89,0.131,SELL,True
2907605937,2026-04-11T13:11:59.240000,1775913119240,ETHUSDT,2233.88,0.029,SELL,True
2907605938,2026-04-11T13:11:59.240000,1775913119240,ETHUSDT,2233.87,0.011,SELL,True
2907605939,2026-04-11T13:11:59.240000,1775913119240,ETHUSDT,2233.86,0.02,SELL,True
2907605940,2026-04-11T13:11:59.356000,1775913119356,ETHUSDT,2233.86,0.05,BUY,False
2907605941,2026-04-11T13:11:59.558000,1775913119558,ETHUSDT,2233.86,1.0,BUY,False
2907605942,2026-04-11T13:11:59.582000,1775913119582,ETHUSDT,2233.85,6.586,SELL,True
2907605943,2026-04-11T13:11:59.685000,1775913119685,ETHUSDT,2233.86,19.162,BUY,False
2907605944,2026-04-11T13:11:59.796000,1775913119796,ETHUSDT,2233.85,0.264,SELL,True
2907605945,2026-04-11T13:11:59.841000,1775913119841,ETHUSDT,2233.86,0.043,BUY,False
2907605946,2026-04-11T13:11:59.949000,1775913119949,ETHUSDT,2233.85,0.1,SELL,True
2907605947,2026-04-11T13:12:00.073000,1775913120073,ETHUSDT,2233.86,6.252,BUY,False
2907605948,2026-04-11T13:12:00.193000,1775913120193,ETHUSDT,2233.86,0.696,BUY,False
2907605949,2026-04-11T13:12:00.261000,1775913120261,ETHUSDT,2233.85,0.435,SELL,True
2907605950,2026-04-11T13:12:00.261000,1775913120261,ETHUSDT,2233.84,0.048,SELL,True
2907605951,2026-04-11T13:12:00.261000,1775913120261,ETHUSDT,2233.84,5.0,BUY,False
2907605952,2026-04-11T13:12:00.266000,1775913120266,ETHUSDT,2233.82,0.044,SELL,True
2907605953,2026-04-11T13:12:00.291000,1775913120291,ETHUSDT,2233.83,3.853,BUY,False
2907605954,2026-04-11T13:12:00.380000,1775913120380,ETHUSDT,2233.82,1.376,SELL,True
2907605955,2026-04-11T13:12:00.380000,1775913120380,ETHUSDT,2233.81,2.548,SELL,True
2907605956,2026-04-11T13:12:00.380000,1775913120380,ETHUSDT,2233.8,0.913,SELL,True
2907605957,2026-04-11T13:12:00.388000,1775913120388,ETHUSDT,2233.77,0.029,SELL,True
2907605958,2026-04-11T13:12:00.388000,1775913120388,ETHUSDT,2233.76,0.01,SELL,True
2907605959,2026-04-11T13:12:00.391000,1775913120391,ETHUSDT,2233.75,0.01,SELL,True
2907605960,2026-04-11T13:12:00.391000,1775913120391,ETHUSDT,2233.73,0.072,SELL,True
2907605961,2026-04-11T13:12:00.391000,1775913120391,ETHUSDT,2233.72,0.023,SELL,True
2907605962,2026-04-11T13:12:00.391000,1775913120391,ETHUSDT,2233.71,0.002,SELL,True
2907605963,2026-04-11T13:12:00.391000,1775913120391,ETHUSDT,2233.7,0.02,SELL,True
2907605964,2026-04-11T13:12:00.391000,1775913120391,ETHUSDT,2233.69,0.01,SELL,True
2907605965,2026-04-11T13:12:00.400000,1775913120400,ETHUSDT,2233.68,7.412,SELL,True
2907605966,2026-04-11T13:12:00.401000,1775913120401,ETHUSDT,2233.67,0.018,SELL,True
2907605967,2026-04-11T13:12:00.401000,1775913120401,ETHUSDT,2233.66,0.01,SELL,True
2907605968,2026-04-11T13:12:00.401000,1775913120401,ETHUSDT,2233.65,2.718,SELL,True
2907605969,2026-04-11T13:12:00.474000,1775913120474,ETHUSDT,2233.64,0.018,SELL,True
2907605970,2026-04-11T13:12:00.474000,1775913120474,ETHUSDT,2233.63,3.33,SELL,True
2907605971,2026-04-11T13:12:00.474000,1775913120474,ETHUSDT,2233.62,0.673,SELL,True
2907605972,2026-04-11T13:12:00.474000,1775913120474,ETHUSDT,2233.6,0.023,SELL,True
2907605973,2026-04-11T13:12:00.474000,1775913120474,ETHUSDT,2233.59,0.681,SELL,True
2907605974,2026-04-11T13:12:00.474000,1775913120474,ETHUSDT,2233.58,0.908,SELL,True
2907605975,2026-04-11T13:12:00.474000,1775913120474,ETHUSDT,2233.57,0.145,SELL,True
2907605976,2026-04-11T13:12:00.474000,1775913120474,ETHUSDT,2233.56,0.01,SELL,True
2907605977,2026-04-11T13:12:00.478000,1775913120478,ETHUSDT,2233.55,0.03,SELL,True
2907605978,2026-04-11T13:12:00.478000,1775913120478,ETHUSDT,2233.54,0.03,SELL,True
2907605979,2026-04-11T13:12:00.478000,1775913120478,ETHUSDT,2233.53,0.012,SELL,True
2907605980,2026-04-11T13:12:00.478000,1775913120478,ETHUSDT,2233.52,0.011,SELL,True
2907605981,2026-04-11T13:12:00.478000,1775913120478,ETHUSDT,2233.51,0.023,SELL,True
2907605982,2026-04-11T13:12:00.478000,1775913120478,ETHUSDT,2233.5,0.063,SELL,True
2907605983,2026-04-11T13:12:00.478000,1775913120478,ETHUSDT,2233.49,0.01,SELL,True
2907605984,2026-04-11T13:12:00.478000,1775913120478,ETHUSDT,2233.48,0.035,SELL,True
2907605985,2026-04-11T13:12:00.485000,1775913120485,ETHUSDT,2233.47,0.013,SELL,True
2907605986,2026-04-11T13:12:00.485000,1775913120485,ETHUSDT,2233.45,0.101,SELL,True
2907605987,2026-04-11T13:12:00.491000,1775913120491,ETHUSDT,2233.44,0.029,SELL,True
2907605988,2026-04-11T13:12:00.491000,1775913120491,ETHUSDT,2233.43,0.018,SELL,True
2907605989,2026-04-11T13:12:00.491000,1775913120491,ETHUSDT,2233.42,0.019,SELL,True
2907605990,2026-04-11T13:12:00.499000,1775913120499,ETHUSDT,2233.41,0.02,SELL,True
2907605991,2026-04-11T13:12:00.499000,1775913120499,ETHUSDT,2233.41,8.8,BUY,False
2907605992,2026-04-11T13:12:00.499000,1775913120499,ETHUSDT,2233.4,0.091,SELL,True
2907605993,2026-04-11T13:12:00.499000,1775913120499,ETHUSDT,2233.39,0.001,SELL,True
2907605994,2026-04-11T13:12:00.508000,1775913120508,ETHUSDT,2233.38,0.188,SELL,True
2907605995,2026-04-11T13:12:00.521000,1775913120521,ETHUSDT,2233.37,0.011,SELL,True
2907605996,2026-04-11T13:12:00.521000,1775913120521,ETHUSDT,2233.36,0.449,SELL,True
2907605997,2026-04-11T13:12:00.521000,1775913120521,ETHUSDT,2233.35,0.477,SELL,True
2907605998,2026-04-11T13:12:00.525000,1775913120525,ETHUSDT,2233.34,0.486,SELL,True
2907605999,2026-04-11T13:12:00.528000,1775913120528,ETHUSDT,2233.33,0.049,SELL,True
2907606000,2026-04-11T13:12:00.528000,1775913120528,ETHUSDT,2233.31,0.011,SELL,True
2907606001,2026-04-11T13:12:00.528000,1775913120528,ETHUSDT,2233.3,4.478,SELL,True
2907606002,2026-04-11T13:12:00.541000,1775913120541,ETHUSDT,2233.29,0.052,SELL,True
2907606003,2026-04-11T13:12:00.547000,1775913120547,ETHUSDT,2233.28,0.58,SELL,True
2907606004,2026-04-11T13:12:00.574000,1775913120574,ETHUSDT,2233.27,0.032,SELL,True
2907606005,2026-04-11T13:12:00.574000,1775913120574,ETHUSDT,2233.26,0.041,SELL,True
2907606006,2026-04-11T13:12:00.574000,1775913120574,ETHUSDT,2233.25,0.03,SELL,True
2907606007,2026-04-11T13:12:00.574000,1775913120574,ETHUSDT,2233.24,0.001,SELL,True
2907606008,2026-04-11T13:12:00.574000,1775913120574,ETHUSDT,2233.23,0.021,SELL,True
2907606009,2026-04-11T13:12:00.698000,1775913120698,ETHUSDT,2233.22,23.658,SELL,True
2907606010,2026-04-11T13:12:00.875000,1775913120875,ETHUSDT,2233.23,1.866,BUY,False
2907606011,2026-04-11T13:12:00.932000,1775913120932,ETHUSDT,2233.22,0.73,SELL,True
2907606012,2026-04-11T13:12:00.937000,1775913120937,ETHUSDT,2233.23,3.375,BUY,False
2907606013,2026-04-11T13:12:01.062000,1775913121062,ETHUSDT,2233.22,0.907,SELL,True
2907606014,2026-04-11T13:12:01.256000,1775913121256,ETHUSDT,2233.23,4.181,BUY,False
2907606015,2026-04-11T13:12:01.399000,1775913121399,ETHUSDT,2233.23,0.163,BUY,False
2907606016,2026-04-11T13:12:01.524000,1775913121524,ETHUSDT,2233.23,0.072,BUY,False
2907606017,2026-04-11T13:12:01.573000,1775913121573,ETHUSDT,2233.22,0.009,SELL,True
2907606018,2026-04-11T13:12:01.634000,1775913121634,ETHUSDT,2233.23,17.044,BUY,False
2907606019,2026-04-11T13:12:01.650000,1775913121650,ETHUSDT,2233.24,0.075,BUY,False
2907606020,2026-04-11T13:12:01.650000,1775913121650,ETHUSDT,2233.26,0.001,BUY,False
2907606021,2026-04-11T13:12:01.650000,1775913121650,ETHUSDT,2233.27,0.012,BUY,False
2907606022,2026-04-11T13:12:01.650000,1775913121650,ETHUSDT,2233.28,0.01,BUY,False
2907606023,2026-04-11T13:12:01.650000,1775913121650,ETHUSDT,2233.29,0.001,BUY,False
2907606024,2026-04-11T13:12:01.650000,1775913121650,ETHUSDT,2233.3,0.011,BUY,False
2907606025,2026-04-11T13:12:01.650000,1775913121650,ETHUSDT,2233.31,3.776,BUY,False
2907606026,2026-04-11T13:12:01.680000,1775913121680,ETHUSDT,2233.3,0.025,SELL,True
2907606027,2026-04-11T13:12:01.683000,1775913121683,ETHUSDT,2233.31,1.125,BUY,False
2907606028,2026-04-11T13:12:01.900000,1775913121900,ETHUSDT,2233.31,0.226,BUY,False
2907606029,2026-04-11T13:12:01.900000,1775913121900,ETHUSDT,2233.32,0.009,BUY,False
2907606030,2026-04-11T13:12:01.900000,1775913121900,ETHUSDT,2233.33,0.02,BUY,False
2907606031,2026-04-11T13:12:01.906000,1775913121906,ETHUSDT,2233.34,0.689,BUY,False
2907606032,2026-04-11T13:12:01.910000,1775913121910,ETHUSDT,2233.35,0.717,BUY,False
2907606033,2026-04-11T13:12:01.915000,1775913121915,ETHUSDT,2233.35,1.521,SELL,True
2907606034,2026-04-11T13:12:01.916000,1775913121916,ETHUSDT,2233.36,0.048,BUY,False
2907606035,2026-04-11T13:12:01.916000,1775913121916,ETHUSDT,2233.37,0.018,BUY,False
2907606036,2026-04-11T13:12:01.919000,1775913121919,ETHUSDT,2233.4,0.021,BUY,False
2907606037,2026-04-11T13:12:01.919000,1775913121919,ETHUSDT,2233.41,0.047,BUY,False
2907606038,2026-04-11T13:12:01.919000,1775913121919,ETHUSDT,2233.42,0.101,BUY,False
2907606039,2026-04-11T13:12:01.919000,1775913121919,ETHUSDT,2233.43,0.03,BUY,False
2907606040,2026-04-11T13:12:01.919000,1775913121919,ETHUSDT,2233.44,0.027,BUY,False
2907606041,2026-04-11T13:12:01.920000,1775913121920,ETHUSDT,2233.45,0.478,BUY,False
2907606042,2026-04-11T13:12:01.923000,1775913121923,ETHUSDT,2233.44,0.16,SELL,True
2907606043,2026-04-11T13:12:01.923000,1775913121923,ETHUSDT,2233.45,18.033,BUY,False
2907606044,2026-04-11T13:12:01.941000,1775913121941,ETHUSDT,2233.44,0.15,SELL,True
2907606045,2026-04-11T13:12:01.973000,1775913121973,ETHUSDT,2233.45,3.406,BUY,False
2907606046,2026-04-11T13:12:02.063000,1775913122063,ETHUSDT,2233.46,0.011,BUY,False
2907606047,2026-04-11T13:12:02.075000,1775913122075,ETHUSDT,2233.47,0.022,BUY,False
2907606048,2026-04-11T13:12:02.148000,1775913122148,ETHUSDT,2233.46,0.015,SELL,True
2907606049,2026-04-11T13:12:02.219000,1775913122219,ETHUSDT,2233.47,0.03,BUY,False
2907606050,2026-04-11T13:12:02.240000,1775913122240,ETHUSDT,2233.46,0.022,SELL,True
2907606051,2026-04-11T13:12:02.308000,1775913122308,ETHUSDT,2233.47,0.599,BUY,False
2907606052,2026-04-11T13:12:02.328000,1775913122328,ETHUSDT,2233.49,0.012,BUY,False
2907606053,2026-04-11T13:12:02.328000,1775913122328,ETHUSDT,2233.5,0.04,BUY,False
2907606054,2026-04-11T13:12:02.328000,1775913122328,ETHUSDT,2233.51,0.004,BUY,False
2907606055,2026-04-11T13:12:02.328000,1775913122328,ETHUSDT,2233.52,0.024,BUY,False
2907606056,2026-04-11T13:12:02.328000,1775913122328,ETHUSDT,2233.53,0.002,BUY,False
2907606057,2026-04-11T13:12:02.328000,1775913122328,ETHUSDT,2233.54,0.001,BUY,False
2907606058,2026-04-11T13:12:02.328000,1775913122328,ETHUSDT,2233.55,0.029,BUY,False
2907606059,2026-04-11T13:12:02.328000,1775913122328,ETHUSDT,2233.56,0.103,BUY,False
2907606060,2026-04-11T13:12:02.328000,1775913122328,ETHUSDT,2233.57,0.01,BUY,False
2907606061,2026-04-11T13:12:02.328000,1775913122328,ETHUSDT,2233.58,0.021,BUY,False
2907606062,2026-04-11T13:12:02.328000,1775913122328,ETHUSDT,2233.59,0.036,BUY,False
2907606063,2026-04-11T13:12:02.335000,1775913122335,ETHUSDT,2233.6,0.271,BUY,False
2907606064,2026-04-11T13:12:02.347000,1775913122347,ETHUSDT,2233.62,0.012,BUY,False
2907606065,2026-04-11T13:12:02.347000,1775913122347,ETHUSDT,2233.63,0.02,BUY,False
2907606066,2026-04-11T13:12:02.347000,1775913122347,ETHUSDT,2233.64,0.025,BUY,False
2907606067,2026-04-11T13:12:02.347000,1775913122347,ETHUSDT,2233.65,0.011,BUY,False
2907606068,2026-04-11T13:12:02.347000,1775913122347,ETHUSDT,2233.66,0.053,BUY,False
2907606069,2026-04-11T13:12:02.349000,1775913122349,ETHUSDT,2233.67,0.449,BUY,False
2907606070,2026-04-11T13:12:02.388000,1775913122388,ETHUSDT,2233.68,1.054,BUY,False
2907606071,2026-04-11T13:12:02.391000,1775913122391,ETHUSDT,2233.69,0.297,BUY,False
2907606072,2026-04-11T13:12:02.507000,1775913122507,ETHUSDT,2233.7,9.068,BUY,False
2907606073,2026-04-11T13:12:02.525000,1775913122525,ETHUSDT,2233.72,0.023,BUY,False
2907606074,2026-04-11T13:12:02.525000,1775913122525,ETHUSDT,2233.73,0.001,BUY,False
2907606075,2026-04-11T13:12:02.525000,1775913122525,ETHUSDT,2233.74,0.001,BUY,False
2907606076,2026-04-11T13:12:02.593000,1775913122593,ETHUSDT,2233.75,5.126,BUY,False
2907606077,2026-04-11T13:12:02.642000,1775913122642,ETHUSDT,2233.76,0.03,BUY,False
2907606078,2026-04-11T13:12:02.642000,1775913122642,ETHUSDT,2233.77,0.02,BUY,False
2907606079,2026-04-11T13:12:02.687000,1775913122687,ETHUSDT,2233.78,0.596,BUY,False
2907606080,2026-04-11T13:12:02.843000,1775913122843,ETHUSDT,2233.78,0.648,BUY,False
2907606081,2026-04-11T13:12:02.845000,1775913122845,ETHUSDT,2233.8,0.089,BUY,False
2907606082,2026-04-11T13:12:02.845000,1775913122845,ETHUSDT,2233.82,0.017,BUY,False
2907606083,2026-04-11T13:12:02.845000,1775913122845,ETHUSDT,2233.83,0.026,BUY,False
2907606084,2026-04-11T13:12:02.845000,1775913122845,ETHUSDT,2233.84,0.001,BUY,False
2907606085,2026-04-11T13:12:02.845000,1775913122845,ETHUSDT,2233.85,0.012,BUY,False
2907606086,2026-04-11T13:12:02.848000,1775913122848,ETHUSDT,2233.85,307.596,SELL,True
2907606087,2026-04-11T13:12:02.854000,1775913122854,ETHUSDT,2233.84,0.027,SELL,True
2907606088,2026-04-11T13:12:02.854000,1775913122854,ETHUSDT,2233.82,0.001,SELL,True
2907606089,2026-04-11T13:12:02.854000,1775913122854,ETHUSDT,2233.81,0.017,SELL,True
2907606090,2026-04-11T13:12:02.854000,1775913122854,ETHUSDT,2233.8,0.021,SELL,True
2907606091,2026-04-11T13:12:02.854000,1775913122854,ETHUSDT,2233.8,0.054,BUY,False
2907606092,2026-04-11T13:12:02.857000,1775913122857,ETHUSDT,2233.79,0.125,SELL,True
2907606093,2026-04-11T13:12:02.865000,1775913122865,ETHUSDT,2233.78,0.036,SELL,True
2907606094,2026-04-11T13:12:02.916000,1775913122916,ETHUSDT,2233.77,1.069,SELL,True
2907606095,2026-04-11T13:12:02.949000,1775913122949,ETHUSDT,2233.76,0.027,SELL,True
2907606096,2026-04-11T13:12:02.949000,1775913122949,ETHUSDT,2233.75,0.042,SELL,True
2907606097,2026-04-11T13:12:02.949000,1775913122949,ETHUSDT,2233.74,0.106,SELL,True
2907606098,2026-04-11T13:12:02.949000,1775913122949,ETHUSDT,2233.73,0.002,SELL,True
2907606099,2026-04-11T13:12:02.952000,1775913122952,ETHUSDT,2233.72,0.02,SELL,True
2907606100,2026-04-11T13:12:02.952000,1775913122952,ETHUSDT,2233.71,0.01,SELL,True
2907606101,2026-04-11T13:12:02.952000,1775913122952,ETHUSDT,2233.69,0.074,SELL,True
2907606102,2026-04-11T13:12:02.968000,1775913122968,ETHUSDT,2233.68,0.717,SELL,True
2907606103,2026-04-11T13:12:02.969000,1775913122969,ETHUSDT,2233.67,0.028,SELL,True
2907606104,2026-04-11T13:12:02.969000,1775913122969,ETHUSDT,2233.66,0.022,SELL,True
2907606105,2026-04-11T13:12:02.969000,1775913122969,ETHUSDT,2233.65,0.244,SELL,True
2907606106,2026-04-11T13:12:02.971000,1775913122971,ETHUSDT,2233.64,0.01,SELL,True
2907606107,2026-04-11T13:12:02.971000,1775913122971,ETHUSDT,2233.63,0.001,SELL,True
2907606108,2026-04-11T13:12:02.971000,1775913122971,ETHUSDT,2233.62,0.011,SELL,True
2907606109,2026-04-11T13:12:02.971000,1775913122971,ETHUSDT,2233.61,0.002,SELL,True
2907606110,2026-04-11T13:12:02.971000,1775913122971,ETHUSDT,2233.6,0.02,SELL,True
2907606111,2026-04-11T13:12:02.971000,1775913122971,ETHUSDT,2233.59,0.03,SELL,True
2907606112,2026-04-11T13:12:02.971000,1775913122971,ETHUSDT,2233.58,0.021,SELL,True
2907606113,2026-04-11T13:12:02.971000,1775913122971,ETHUSDT,2233.57,0.022,SELL,True
2907606114,2026-04-11T13:12:02.971000,1775913122971,ETHUSDT,2233.56,0.03,SELL,True
2907606115,2026-04-11T13:12:02.975000,1775913122975,ETHUSDT,2233.55,0.258,SELL,True
2907606116,2026-04-11T13:12:03.047000,1775913123047,ETHUSDT,2233.56,0.99,BUY,False
2907606117,2026-04-11T13:12:03.070000,1775913123070,ETHUSDT,2233.55,0.602,SELL,True
2907606118,2026-04-11T13:12:03.070000,1775913123070,ETHUSDT,2233.54,0.019,SELL,True
2907606119,2026-04-11T13:12:03.070000,1775913123070,ETHUSDT,2233.53,0.001,SELL,True
2907606120,2026-04-11T13:12:03.070000,1775913123070,ETHUSDT,2233.52,0.012,SELL,True
2907606121,2026-04-11T13:12:03.070000,1775913123070,ETHUSDT,2233.51,0.001,SELL,True
2907606122,2026-04-11T13:12:03.101000,1775913123101,ETHUSDT,2233.5,0.745,SELL,True
2907606123,2026-04-11T13:12:03.101000,1775913123101,ETHUSDT,2233.49,0.018,SELL,True
2907606124,2026-04-11T13:12:03.118000,1775913123118,ETHUSDT,2233.48,2.368,SELL,True
2907606125,2026-04-11T13:12:03.121000,1775913123121,ETHUSDT,2233.47,0.018,SELL,True
2907606126,2026-04-11T13:12:03.121000,1775913123121,ETHUSDT,2233.46,0.001,SELL,True
2907606127,2026-04-11T13:12:03.140000,1775913123140,ETHUSDT,2233.46,0.255,BUY,False
2907606128,2026-04-11T13:12:03.157000,1775913123157,ETHUSDT,2233.45,1.624,SELL,True
2907606129,2026-04-11T13:12:03.157000,1775913123157,ETHUSDT,2233.44,0.056,SELL,True
2907606130,2026-04-11T13:12:03.157000,1775913123157,ETHUSDT,2233.43,0.002,SELL,True
2907606131,2026-04-11T13:12:03.157000,1775913123157,ETHUSDT,2233.42,0.011,SELL,True
2907606132,2026-04-11T13:12:03.190000,1775913123190,ETHUSDT,2233.41,0.698,SELL,True
2907606133,2026-04-11T13:12:03.192000,1775913123192,ETHUSDT,2233.4,0.018,SELL,True
2907606134,2026-04-11T13:12:03.192000,1775913123192,ETHUSDT,2233.39,0.011,SELL,True
2907606135,2026-04-11T13:12:03.192000,1775913123192,ETHUSDT,2233.38,0.002,SELL,True
2907606136,2026-04-11T13:12:03.192000,1775913123192,ETHUSDT,2233.37,0.009,SELL,True
2907606137,2026-04-11T13:12:03.192000,1775913123192,ETHUSDT,2233.36,0.028,SELL,True
2907606138,2026-04-11T13:12:03.192000,1775913123192,ETHUSDT,2233.35,0.038,SELL,True
2907606139,2026-04-11T13:12:03.192000,1775913123192,ETHUSDT,2233.34,0.002,SELL,True
2907606140,2026-04-11T13:12:03.192000,1775913123192,ETHUSDT,2233.33,0.07,SELL,True
2907606141,2026-04-11T13:12:03.193000,1775913123193,ETHUSDT,2233.32,0.202,SELL,True
2907606142,2026-04-11T13:12:03.193000,1775913123193,ETHUSDT,2233.31,0.024,SELL,True
2907606143,2026-04-11T13:12:03.196000,1775913123196,ETHUSDT,2233.3,0.788,SELL,True
2907606144,2026-04-11T13:12:03.505000,1775913123505,ETHUSDT,2233.31,1.313,BUY,False
2907606145,2026-04-11T13:12:03.644000,1775913123644,ETHUSDT,2233.3,2.01,SELL,True
2907606146,2026-04-11T13:12:03.649000,1775913123649,ETHUSDT,2233.29,0.04,SELL,True
2907606147,2026-04-11T13:12:03.649000,1775913123649,ETHUSDT,2233.28,0.021,SELL,True
2907606148,2026-04-11T13:12:03.649000,1775913123649,ETHUSDT,2233.27,0.02,SELL,True
2907606149,2026-04-11T13:12:03.649000,1775913123649,ETHUSDT,2233.26,0.013,SELL,True
2907606150,2026-04-11T13:12:03.649000,1775913123649,ETHUSDT,2233.25,0.011,SELL,True
2907606151,2026-04-11T13:12:03.649000,1775913123649,ETHUSDT,2233.24,0.001,SELL,True
2907606152,2026-04-11T13:12:03.649000,1775913123649,ETHUSDT,2233.23,0.072,SELL,True
2907606153,2026-04-11T13:12:03.691000,1775913123691,ETHUSDT,2233.23,0.2,BUY,False
2907606154,2026-04-11T13:12:03.698000,1775913123698,ETHUSDT,2233.22,1.283,SELL,True
2907606155,2026-04-11T13:12:03.698000,1775913123698,ETHUSDT,2233.21,0.052,SELL,True
2907606156,2026-04-11T13:12:03.698000,1775913123698,ETHUSDT,2233.2,0.032,SELL,True
2907606157,2026-04-11T13:12:03.700000,1775913123700,ETHUSDT,2233.19,0.003,SELL,True
2907606158,2026-04-11T13:12:03.700000,1775913123700,ETHUSDT,2233.18,0.01,SELL,True
2907606159,2026-04-11T13:12:03.700000,1775913123700,ETHUSDT,2233.17,0.012,SELL,True
2907606160,2026-04-11T13:12:03.700000,1775913123700,ETHUSDT,2233.16,0.021,SELL,True
2907606161,2026-04-11T13:12:03.700000,1775913123700,ETHUSDT,2233.15,0.012,SELL,True
2907606162,2026-04-11T13:12:03.709000,1775913123709,ETHUSDT,2233.14,1.023,SELL,True
2907606163,2026-04-11T13:12:03.709000,1775913123709,ETHUSDT,2233.13,0.066,SELL,True
2907606164,2026-04-11T13:12:03.709000,1775913123709,ETHUSDT,2233.12,0.001,SELL,True
2907606165,2026-04-11T13:12:03.709000,1775913123709,ETHUSDT,2233.11,0.04,SELL,True
2907606166,2026-04-11T13:12:03.709000,1775913123709,ETHUSDT,2233.1,1.588,SELL,True
2907606167,2026-04-11T13:12:03.709000,1775913123709,ETHUSDT,2233.09,0.286,SELL,True
2907606168,2026-04-11T13:12:03.709000,1775913123709,ETHUSDT,2233.08,0.334,SELL,True
2907606169,2026-04-11T13:12:03.710000,1775913123710,ETHUSDT,2233.08,24.045,BUY,False
2907606170,2026-04-11T13:12:03.711000,1775913123711,ETHUSDT,2233.07,0.021,SELL,True
2907606171,2026-04-11T13:12:03.714000,1775913123714,ETHUSDT,2233.07,26.854,BUY,False
2907606172,2026-04-11T13:12:03.769000,1775913123769,ETHUSDT,2233.06,0.011,SELL,True
2907606173,2026-04-11T13:12:03.841000,1775913123841,ETHUSDT,2233.07,5.209,BUY,False
2907606174,2026-04-11T13:12:03.929000,1775913123929,ETHUSDT,2233.06,0.286,SELL,True
2907606175,2026-04-11T13:12:03.992000,1775913123992,ETHUSDT,2233.07,10.072,BUY,False
2907606176,2026-04-11T13:12:04.017000,1775913124017,ETHUSDT,2233.06,0.2,SELL,True
2907606177,2026-04-11T13:12:04.100000,1775913124100,ETHUSDT,2233.07,3.626,BUY,False
2907606178,2026-04-11T13:12:04.128000,1775913124128,ETHUSDT,2233.06,0.096,SELL,True
2907606179,2026-04-11T13:12:04.350000,1775913124350,ETHUSDT,2233.07,1.546,BUY,False
2907606180,2026-04-11T13:12:04.419000,1775913124419,ETHUSDT,2233.06,3.676,SELL,True
2907606181,2026-04-11T13:12:04.453000,1775913124453,ETHUSDT,2233.07,133.65,BUY,False
2907606182,2026-04-11T13:12:04.512000,1775913124512,ETHUSDT,2233.06,2.0,SELL,True
2907606183,2026-04-11T13:12:04.652000,1775913124652,ETHUSDT,2233.07,2.238,BUY,False
2907606184,2026-04-11T13:12:04.655000,1775913124655,ETHUSDT,2233.06,0.242,SELL,True
2907606185,2026-04-11T13:12:04.756000,1775913124756,ETHUSDT,2233.06,0.142,SELL,True
2907606186,2026-04-11T13:12:04.858000,1775913124858,ETHUSDT,2233.06,1.042,SELL,True
2907606187,2026-04-11T13:12:04.985000,1775913124985,ETHUSDT,2233.06,0.108,SELL,True
2907606188,2026-04-11T13:12:05.124000,1775913125124,ETHUSDT,2233.06,1.091,SELL,True
2907606189,2026-04-11T13:12:05.262000,1775913125262,ETHUSDT,2233.06,0.097,SELL,True
2907606190,2026-04-11T13:12:05.332000,1775913125332,ETHUSDT,2233.07,0.076,BUY,False
2907606191,2026-04-11T13:12:05.366000,1775913125366,ETHUSDT,2233.06,0.023,SELL,True
2907606192,2026-04-11T13:12:05.379000,1775913125379,ETHUSDT,2233.07,0.03,BUY,False
2907606193,2026-04-11T13:12:05.383000,1775913125383,ETHUSDT,2233.06,4.778,SELL,True
2907606194,2026-04-11T13:12:05.401000,1775913125401,ETHUSDT,2233.07,0.175,BUY,False
2907606195,2026-04-11T13:12:05.553000,1775913125553,ETHUSDT,2233.07,1.5,BUY,False
2907606196,2026-04-11T13:12:05.649000,1775913125649,ETHUSDT,2233.06,3.102,SELL,True
2907606197,2026-04-11T13:12:05.809000,1775913125809,ETHUSDT,2233.06,1.05,SELL,True
2907606198,2026-04-11T13:12:05.857000,1775913125857,ETHUSDT,2233.07,0.011,BUY,False
2907606199,2026-04-11T13:12:05.942000,1775913125942,ETHUSDT,2233.06,12.967,SELL,True
2907606200,2026-04-11T13:12:06.045000,1775913126045,ETHUSDT,2233.06,0.017,SELL,True
2907606201,2026-04-11T13:12:06.113000,1775913126113,ETHUSDT,2233.07,0.489,BUY,False
2907606202,2026-04-11T13:12:06.151000,1775913126151,ETHUSDT,2233.06,2.238,SELL,True
2907606203,2026-04-11T13:12:06.342000,1775913126342,ETHUSDT,2233.07,30.0,BUY,False
2907606204,2026-04-11T13:12:06.386000,1775913126386,ETHUSDT,2233.06,1.144,SELL,True
2907606205,2026-04-11T13:12:06.388000,1775913126388,ETHUSDT,2233.07,0.052,BUY,False
2907606206,2026-04-11T13:12:06.496000,1775913126496,ETHUSDT,2233.06,0.259,SELL,True
2907606207,2026-04-11T13:12:06.526000,1775913126526,ETHUSDT,2233.07,0.281,BUY,False
2907606208,2026-04-11T13:12:06.535000,1775913126535,ETHUSDT,2233.06,0.078,SELL,True
2907606209,2026-04-11T13:12:06.601000,1775913126601,ETHUSDT,2233.07,0.047,BUY,False
2907606210,2026-04-11T13:12:06.789000,1775913126789,ETHUSDT,2233.07,0.263,BUY,False
2907606211,2026-04-11T13:12:06.924000,1775913126924,ETHUSDT,2233.07,0.439,BUY,False
2907606212,2026-04-11T13:12:06.979000,1775913126979,ETHUSDT,2233.06,0.5,SELL,True
2907606213,2026-04-11T13:12:07.235000,1775913127235,ETHUSDT,2233.06,0.358,SELL,True
2907606214,2026-04-11T13:12:07.353000,1775913127353,ETHUSDT,2233.06,0.218,SELL,True
2907606215,2026-04-11T13:12:07.668000,1775913127668,ETHUSDT,2233.06,12.803,SELL,True
2907606216,2026-04-11T13:12:07.727000,1775913127727,ETHUSDT,2233.07,1.864,BUY,False
2907606217,2026-04-11T13:12:07.975000,1775913127975,ETHUSDT,2233.06,0.538,SELL,True
2907606218,2026-04-11T13:12:07.986000,1775913127986,ETHUSDT,2233.07,247.323,BUY,False
2907606219,2026-04-11T13:12:08.063000,1775913128063,ETHUSDT,2233.08,0.122,BUY,False
2907606220,2026-04-11T13:12:08.063000,1775913128063,ETHUSDT,2233.09,0.011,BUY,False
2907606221,2026-04-11T13:12:08.063000,1775913128063,ETHUSDT,2233.1,0.01,BUY,False
2907606222,2026-04-11T13:12:08.063000,1775913128063,ETHUSDT,2233.11,0.8,BUY,False
2907606223,2026-04-11T13:12:08.063000,1775913128063,ETHUSDT,2233.12,0.03,BUY,False
2907606224,2026-04-11T13:12:08.063000,1775913128063,ETHUSDT,2233.13,0.001,BUY,False
2907606225,2026-04-11T13:12:08.063000,1775913128063,ETHUSDT,2233.14,0.039,BUY,False
2907606226,2026-04-11T13:12:08.063000,1775913128063,ETHUSDT,2233.15,0.034,BUY,False
2907606227,2026-04-11T13:12:08.063000,1775913128063,ETHUSDT,2233.16,0.185,BUY,False
2907606228,2026-04-11T13:12:08.063000,1775913128063,ETHUSDT,2233.18,0.011,BUY,False
2907606229,2026-04-11T13:12:08.063000,1775913128063,ETHUSDT,2233.19,1.259,BUY,False
2907606230,2026-04-11T13:12:08.063000,1775913128063,ETHUSDT,2233.2,0.022,BUY,False
2907606231,2026-04-11T13:12:08.063000,1775913128063,ETHUSDT,2233.21,0.035,BUY,False
2907606232,2026-04-11T13:12:08.063000,1775913128063,ETHUSDT,2233.22,4.342,BUY,False
2907606233,2026-04-11T13:12:08.064000,1775913128064,ETHUSDT,2233.23,0.012,BUY,False
2907606234,2026-04-11T13:12:08.064000,1775913128064,ETHUSDT,2233.24,0.021,BUY,False
2907606235,2026-04-11T13:12:08.064000,1775913128064,ETHUSDT,2233.25,0.01,BUY,False
2907606236,2026-04-11T13:12:08.064000,1775913128064,ETHUSDT,2233.26,0.06,BUY,False
2907606237,2026-04-11T13:12:08.064000,1775913128064,ETHUSDT,2233.27,0.59,BUY,False
2907606238,2026-04-11T13:12:08.064000,1775913128064,ETHUSDT,2233.28,2.242,BUY,False
2907606239,2026-04-11T13:12:08.064000,1775913128064,ETHUSDT,2233.29,2.106,BUY,False
2907606240,2026-04-11T13:12:08.064000,1775913128064,ETHUSDT,2233.3,0.115,BUY,False
2907606241,2026-04-11T13:12:08.064000,1775913128064,ETHUSDT,2233.31,0.246,BUY,False
2907606242,2026-04-11T13:12:08.064000,1775913128064,ETHUSDT,2233.32,0.021,BUY,False
2907606243,2026-04-11T13:12:08.064000,1775913128064,ETHUSDT,2233.33,0.037,BUY,False
2907606244,2026-04-11T13:12:08.064000,1775913128064,ETHUSDT,2233.34,0.043,BUY,False
2907606245,2026-04-11T13:12:08.065000,1775913128065,ETHUSDT,2233.35,0.062,BUY,False
2907606246,2026-04-11T13:12:08.065000,1775913128065,ETHUSDT,2233.36,0.02,BUY,False
2907606247,2026-04-11T13:12:08.065000,1775913128065,ETHUSDT,2233.37,0.001,BUY,False
2907606248,2026-04-11T13:12:08.065000,1775913128065,ETHUSDT,2233.38,0.089,BUY,False
2907606249,2026-04-11T13:12:08.065000,1775913128065,ETHUSDT,2233.39,5.509,BUY,False
2907606250,2026-04-11T13:12:08.065000,1775913128065,ETHUSDT,2233.4,0.096,BUY,False
2907606251,2026-04-11T13:12:08.065000,1775913128065,ETHUSDT,2233.41,9.033,BUY,False
2907606252,2026-04-11T13:12:08.066000,1775913128066,ETHUSDT,2233.42,0.096,BUY,False
2907606253,2026-04-11T13:12:08.066000,1775913128066,ETHUSDT,2233.43,2.017,BUY,False
2907606254,2026-04-11T13:12:08.066000,1775913128066,ETHUSDT,2233.44,0.235,BUY,False
2907606255,2026-04-11T13:12:08.067000,1775913128067,ETHUSDT,2233.45,10.376,BUY,False
2907606256,2026-04-11T13:12:08.068000,1775913128068,ETHUSDT,2233.46,13.992,BUY,False
2907606257,2026-04-11T13:12:08.070000,1775913128070,ETHUSDT,2233.47,0.421,BUY,False
2907606258,2026-04-11T13:12:08.071000,1775913128071,ETHUSDT,2233.48,2.117,BUY,False
2907606259,2026-04-11T13:12:08.072000,1775913128072,ETHUSDT,2233.49,0.04,BUY,False
2907606260,2026-04-11T13:12:08.072000,1775913128072,ETHUSDT,2233.5,3.174,BUY,False
2907606261,2026-04-11T13:12:08.072000,1775913128072,ETHUSDT,2233.51,0.041,BUY,False
2907606262,2026-04-11T13:12:08.072000,1775913128072,ETHUSDT,2233.52,0.735,BUY,False
2907606263,2026-04-11T13:12:08.072000,1775913128072,ETHUSDT,2233.53,2.776,BUY,False
2907606264,2026-04-11T13:12:08.073000,1775913128073,ETHUSDT,2233.54,0.02,BUY,False
2907606265,2026-04-11T13:12:08.073000,1775913128073,ETHUSDT,2233.55,0.14,BUY,False
2907606266,2026-04-11T13:12:08.073000,1775913128073,ETHUSDT,2233.56,3.201,BUY,False
2907606267,2026-04-11T13:12:08.073000,1775913128073,ETHUSDT,2233.57,0.032,BUY,False
2907606268,2026-04-11T13:12:08.073000,1775913128073,ETHUSDT,2233.58,0.239,BUY,False
2907606269,2026-04-11T13:12:08.073000,1775913128073,ETHUSDT,2233.59,0.023,BUY,False
2907606270,2026-04-11T13:12:08.073000,1775913128073,ETHUSDT,2233.6,0.02,BUY,False
2907606271,2026-04-11T13:12:08.073000,1775913128073,ETHUSDT,2233.61,0.043,BUY,False
2907606272,2026-04-11T13:12:08.073000,1775913128073,ETHUSDT,2233.62,0.021,BUY,False
2907606273,2026-04-11T13:12:08.073000,1775913128073,ETHUSDT,2233.63,0.029,BUY,False
2907606274,2026-04-11T13:12:08.073000,1775913128073,ETHUSDT,2233.64,2.131,BUY,False
2907606275,2026-04-11T13:12:08.073000,1775913128073,ETHUSDT,2233.65,1.429,BUY,False
2907606276,2026-04-11T13:12:08.073000,1775913128073,ETHUSDT,2233.66,5.992,BUY,False
2907606277,2026-04-11T13:12:08.073000,1775913128073,ETHUSDT,2233.67,1.738,BUY,False
2907606278,2026-04-11T13:12:08.073000,1775913128073,ETHUSDT,2233.68,1.5,BUY,False
2907606279,2026-04-11T13:12:08.073000,1775913128073,ETHUSDT,2233.69,0.459,BUY,False
2907606280,2026-04-11T13:12:08.073000,1775913128073,ETHUSDT,2233.7,2.17,BUY,False
2907606281,2026-04-11T13:12:08.074000,1775913128074,ETHUSDT,2233.71,1.51,BUY,False
2907606282,2026-04-11T13:12:08.074000,1775913128074,ETHUSDT,2233.72,3.132,BUY,False
2907606283,2026-04-11T13:12:08.074000,1775913128074,ETHUSDT,2233.73,1.822,BUY,False
2907606284,2026-04-11T13:12:08.074000,1775913128074,ETHUSDT,2233.74,3.402,BUY,False
2907606285,2026-04-11T13:12:08.074000,1775913128074,ETHUSDT,2233.75,11.569,BUY,False
2907606286,2026-04-11T13:12:08.074000,1775913128074,ETHUSDT,2233.76,5.436,BUY,False
2907606287,2026-04-11T13:12:08.074000,1775913128074,ETHUSDT,2233.77,11.271,BUY,False
2907606288,2026-04-11T13:12:08.074000,1775913128074,ETHUSDT,2233.78,0.128,BUY,False
2907606289,2026-04-11T13:12:08.074000,1775913128074,ETHUSDT,2233.79,3.574,BUY,False
2907606290,2026-04-11T13:12:08.074000,1775913128074,ETHUSDT,2233.8,2.341,BUY,False
2907606291,2026-04-11T13:12:08.074000,1775913128074,ETHUSDT,2233.81,0.017,BUY,False
2907606292,2026-04-11T13:12:08.074000,1775913128074,ETHUSDT,2233.83,0.061,BUY,False
2907606293,2026-04-11T13:12:08.074000,1775913128074,ETHUSDT,2233.84,0.09,BUY,False
2907606294,2026-04-11T13:12:08.074000,1775913128074,ETHUSDT,2233.85,0.357,BUY,False
2907606295,2026-04-11T13:12:08.074000,1775913128074,ETHUSDT,2233.86,1.174,BUY,False
2907606296,2026-04-11T13:12:08.075000,1775913128075,ETHUSDT,2233.65,0.158,BUY,False
2907606297,2026-04-11T13:12:08.075000,1775913128075,ETHUSDT,2233.86,0.408,BUY,False
2907606298,2026-04-11T13:12:08.077000,1775913128077,ETHUSDT,2233.62,0.011,BUY,False
2907606299,2026-04-11T13:12:08.077000,1775913128077,ETHUSDT,2233.71,0.011,BUY,False
2907606300,2026-04-11T13:12:08.077000,1775913128077,ETHUSDT,2233.86,1.139,BUY,False
2907606301,2026-04-11T13:12:08.077000,1775913128077,ETHUSDT,2233.62,0.9,BUY,False
2907606302,2026-04-11T13:12:08.078000,1775913128078,ETHUSDT,2233.68,0.011,BUY,False
2907606303,2026-04-11T13:12:08.078000,1775913128078,ETHUSDT,2233.8,0.011,BUY,False
2907606304,2026-04-11T13:12:08.078000,1775913128078,ETHUSDT,2233.83,0.001,BUY,False
2907606305,2026-04-11T13:12:08.078000,1775913128078,ETHUSDT,2233.77,0.011,BUY,False
2907606306,2026-04-11T13:12:08.078000,1775913128078,ETHUSDT,2233.83,0.01,BUY,False
2907606307,2026-04-11T13:12:08.078000,1775913128078,ETHUSDT,2233.86,0.035,BUY,False
2907606308,2026-04-11T13:12:08.079000,1775913128079,ETHUSDT,2233.65,0.011,BUY,False
2907606309,2026-04-11T13:12:08.079000,1775913128079,ETHUSDT,2233.86,2.507,BUY,False
2907606310,2026-04-11T13:12:08.088000,1775913128088,ETHUSDT,2233.88,0.098,BUY,False
2907606311,2026-04-11T13:12:08.088000,1775913128088,ETHUSDT,2233.89,0.052,BUY,False
2907606312,2026-04-11T13:12:08.088000,1775913128088,ETHUSDT,2233.9,17.649,BUY,False
2907606313,2026-04-11T13:12:08.090000,1775913128090,ETHUSDT,2233.91,1.049,BUY,False
2907606314,2026-04-11T13:12:08.090000,1775913128090,ETHUSDT,2233.92,0.023,BUY,False
2907606315,2026-04-11T13:12:08.090000,1775913128090,ETHUSDT,2233.93,0.86,BUY,False
2907606316,2026-04-11T13:12:08.090000,1775913128090,ETHUSDT,2233.94,0.021,BUY,False
2907606317,2026-04-11T13:12:08.090000,1775913128090,ETHUSDT,2233.95,0.064,BUY,False
2907606318,2026-04-11T13:12:08.090000,1775913128090,ETHUSDT,2233.96,0.974,BUY,False
2907606319,2026-04-11T13:12:08.091000,1775913128091,ETHUSDT,2233.95,6.425,BUY,False
2907606320,2026-04-11T13:12:08.093000,1775913128093,ETHUSDT,2233.96,0.159,BUY,False
2907606321,2026-04-11T13:12:08.093000,1775913128093,ETHUSDT,2233.97,3.337,BUY,False
2907606322,2026-04-11T13:12:08.094000,1775913128094,ETHUSDT,2233.98,3.665,BUY,False
2907606323,2026-04-11T13:12:08.094000,1775913128094,ETHUSDT,2233.99,0.09,BUY,False
2907606324,2026-04-11T13:12:08.094000,1775913128094,ETHUSDT,2234.0,7.612,BUY,False
2907606325,2026-04-11T13:12:08.110000,1775913128110,ETHUSDT,2233.99,0.081,SELL,True
2907606326,2026-04-11T13:12:08.113000,1775913128113,ETHUSDT,2234.0,47.392,BUY,False
2907606327,2026-04-11T13:12:08.136000,1775913128136,ETHUSDT,2233.99,3.169,SELL,True
2907606328,2026-04-11T13:12:08.145000,1775913128145,ETHUSDT,2234.0,0.2,BUY,False
2907606329,2026-04-11T13:12:08.162000,1775913128162,ETHUSDT,2233.99,44.007,SELL,True
2907606330,2026-04-11T13:12:08.164000,1775913128164,ETHUSDT,2234.0,92.358,BUY,False
2907606331,2026-04-11T13:12:08.166000,1775913128166,ETHUSDT,2233.99,17.562,SELL,True
2907606332,2026-04-11T13:12:08.191000,1775913128191,ETHUSDT,2233.98,0.037,SELL,True
2907606333,2026-04-11T13:12:08.199000,1775913128199,ETHUSDT,2233.99,0.721,BUY,False
2907606334,2026-04-11T13:12:08.202000,1775913128202,ETHUSDT,2233.98,0.241,SELL,True
2907606335,2026-04-11T13:12:08.202000,1775913128202,ETHUSDT,2233.98,0.2,BUY,False
2907606336,2026-04-11T13:12:08.204000,1775913128204,ETHUSDT,2233.97,11.25,SELL,True
2907606337,2026-04-11T13:12:08.205000,1775913128205,ETHUSDT,2233.96,1.137,SELL,True
2907606338,2026-04-11T13:12:08.205000,1775913128205,ETHUSDT,2233.95,0.002,SELL,True
2907606339,2026-04-11T13:12:08.205000,1775913128205,ETHUSDT,2233.94,0.031,SELL,True
2907606340,2026-04-11T13:12:08.205000,1775913128205,ETHUSDT,2233.93,0.002,SELL,True
2907606341,2026-04-11T13:12:08.206000,1775913128206,ETHUSDT,2233.92,2.229,SELL,True
2907606342,2026-04-11T13:12:08.206000,1775913128206,ETHUSDT,2233.91,2.23,SELL,True
2907606343,2026-04-11T13:12:08.206000,1775913128206,ETHUSDT,2233.9,0.02,SELL,True
2907606344,2026-04-11T13:12:08.206000,1775913128206,ETHUSDT,2233.89,0.019,SELL,True
2907606345,2026-04-11T13:12:08.207000,1775913128207,ETHUSDT,2233.89,0.79,BUY,False
2907606346,2026-04-11T13:12:08.212000,1775913128212,ETHUSDT,2233.88,7.386,SELL,True
2907606347,2026-04-11T13:12:08.229000,1775913128229,ETHUSDT,2233.87,0.027,SELL,True
2907606348,2026-04-11T13:12:08.234000,1775913128234,ETHUSDT,2233.86,0.009,SELL,True
2907606349,2026-04-11T13:12:08.234000,1775913128234,ETHUSDT,2233.85,0.133,SELL,True
2907606350,2026-04-11T13:12:08.237000,1775913128237,ETHUSDT,2233.84,0.001,SELL,True
2907606351,2026-04-11T13:12:08.237000,1775913128237,ETHUSDT,2233.83,0.014,SELL,True
2907606352,2026-04-11T13:12:08.237000,1775913128237,ETHUSDT,2233.82,0.012,SELL,True
2907606353,2026-04-11T13:12:08.237000,1775913128237,ETHUSDT,2233.81,0.001,SELL,True
2907606354,2026-04-11T13:12:08.237000,1775913128237,ETHUSDT,2233.8,0.012,SELL,True
2907606355,2026-04-11T13:12:08.237000,1775913128237,ETHUSDT,2233.79,0.008,SELL,True
2907606356,2026-04-11T13:12:08.237000,1775913128237,ETHUSDT,2233.78,0.014,SELL,True
2907606357,2026-04-11T13:12:08.257000,1775913128257,ETHUSDT,2233.77,0.988,SELL,True
2907606358,2026-04-11T13:12:08.257000,1775913128257,ETHUSDT,2233.76,0.546,SELL,True
2907606359,2026-04-11T13:12:08.257000,1775913128257,ETHUSDT,2233.75,0.002,SELL,True
2907606360,2026-04-11T13:12:08.257000,1775913128257,ETHUSDT,2233.74,0.01,SELL,True
2907606361,2026-04-11T13:12:08.257000,1775913128257,ETHUSDT,2233.73,0.012,SELL,True
2907606362,2026-04-11T13:12:08.257000,1775913128257,ETHUSDT,2233.72,3.529,SELL,True
2907606363,2026-04-11T13:12:08.283000,1775913128283,ETHUSDT,2233.73,9.004,BUY,False
2907606364,2026-04-11T13:12:08.318000,1775913128318,ETHUSDT,2233.72,2.147,SELL,True
2907606365,2026-04-11T13:12:08.318000,1775913128318,ETHUSDT,2233.71,12.726,SELL,True
2907606366,2026-04-11T13:12:08.326000,1775913128326,ETHUSDT,2233.7,0.029,SELL,True
2907606367,2026-04-11T13:12:08.326000,1775913128326,ETHUSDT,2233.69,0.006,SELL,True
2907606368,2026-04-11T13:12:08.326000,1775913128326,ETHUSDT,2233.67,8.884,SELL,True
2907606369,2026-04-11T13:12:08.404000,1775913128404,ETHUSDT,2233.66,17.302,SELL,True
2907606370,2026-04-11T13:12:08.404000,1775913128404,ETHUSDT,2233.65,0.002,SELL,True
2907606371,2026-04-11T13:12:08.404000,1775913128404,ETHUSDT,2233.64,0.012,SELL,True
2907606372,2026-04-11T13:12:08.404000,1775913128404,ETHUSDT,2233.63,0.001,SELL,True
2907606373,2026-04-11T13:12:08.404000,1775913128404,ETHUSDT,2233.62,0.01,SELL,True
2907606374,2026-04-11T13:12:08.404000,1775913128404,ETHUSDT,2233.61,11.369,SELL,True
2907606375,2026-04-11T13:12:08.404000,1775913128404,ETHUSDT,2233.6,0.012,SELL,True
2907606376,2026-04-11T13:12:08.404000,1775913128404,ETHUSDT,2233.59,0.02,SELL,True
2907606377,2026-04-11T13:12:08.404000,1775913128404,ETHUSDT,2233.58,0.02,SELL,True
2907606378,2026-04-11T13:12:08.404000,1775913128404,ETHUSDT,2233.57,0.002,SELL,True
2907606379,2026-04-11T13:12:08.404000,1775913128404,ETHUSDT,2233.56,0.058,SELL,True
2907606380,2026-04-11T13:12:08.404000,1775913128404,ETHUSDT,2233.55,3.407,SELL,True
2907606381,2026-04-11T13:12:08.404000,1775913128404,ETHUSDT,2233.54,16.074,SELL,True
2907606382,2026-04-11T13:12:08.404000,1775913128404,ETHUSDT,2233.53,0.072,SELL,True
2907606383,2026-04-11T13:12:08.404000,1775913128404,ETHUSDT,2233.52,0.047,SELL,True
2907606384,2026-04-11T13:12:08.404000,1775913128404,ETHUSDT,2233.51,0.022,SELL,True
2907606385,2026-04-11T13:12:08.404000,1775913128404,ETHUSDT,2233.5,0.05,SELL,True
2907606386,2026-04-11T13:12:08.404000,1775913128404,ETHUSDT,2233.49,0.034,SELL,True
2907606387,2026-04-11T13:12:08.404000,1775913128404,ETHUSDT,2233.48,9.852,SELL,True
2907606388,2026-04-11T13:12:08.404000,1775913128404,ETHUSDT,2233.47,0.045,SELL,True
2907606389,2026-04-11T13:12:08.404000,1775913128404,ETHUSDT,2233.46,0.029,SELL,True
2907606390,2026-04-11T13:12:08.404000,1775913128404,ETHUSDT,2233.45,0.031,SELL,True
2907606391,2026-04-11T13:12:08.404000,1775913128404,ETHUSDT,2233.44,1.08,SELL,True
2907606392,2026-04-11T13:12:08.471000,1775913128471,ETHUSDT,2233.54,2.0,SELL,True
2907606393,2026-04-11T13:12:08.499000,1775913128499,ETHUSDT,2233.55,0.121,BUY,False
2907606394,2026-04-11T13:12:08.523000,1775913128523,ETHUSDT,2233.54,2.72,SELL,True
2907606395,2026-04-11T13:12:08.535000,1775913128535,ETHUSDT,2233.55,0.025,BUY,False
2907606396,2026-04-11T13:12:08.620000,1775913128620,ETHUSDT,2233.54,5.066,SELL,True
2907606397,2026-04-11T13:12:08.637000,1775913128637,ETHUSDT,2233.55,2.939,BUY,False
2907606398,2026-04-11T13:12:08.754000,1775913128754,ETHUSDT,2233.54,9.03,SELL,True
2907606399,2026-04-11T13:12:08.859000,1775913128859,ETHUSDT,2233.55,1.101,BUY,False
2907606400,2026-04-11T13:12:08.886000,1775913128886,ETHUSDT,2233.54,10.0,SELL,True
2907606401,2026-04-11T13:12:09.055000,1775913129055,ETHUSDT,2233.55,0.681,BUY,False
2907606402,2026-04-11T13:12:09.137000,1775913129137,ETHUSDT,2233.54,25.417,SELL,True
2907606403,2026-04-11T13:12:09.171000,1775913129171,ETHUSDT,2233.55,0.1,BUY,False
2907606404,2026-04-11T13:12:09.208000,1775913129208,ETHUSDT,2233.54,2.156,SELL,True
2907606405,2026-04-11T13:12:09.344000,1775913129344,ETHUSDT,2233.54,13.418,SELL,True
2907606406,2026-04-11T13:12:09.415000,1775913129415,ETHUSDT,2233.55,8.117,BUY,False
2907606407,2026-04-11T13:12:09.551000,1775913129551,ETHUSDT,2233.54,56.74,SELL,True
2907606408,2026-04-11T13:12:09.789000,1775913129789,ETHUSDT,2233.55,2.0,BUY,False
2907606409,2026-04-11T13:12:09.813000,1775913129813,ETHUSDT,2233.54,2.397,SELL,True
2907606410,2026-04-11T13:12:09.834000,1775913129834,ETHUSDT,2233.55,0.536,BUY,False
2907606411,2026-04-11T13:12:10.071000,1775913130071,ETHUSDT,2233.54,0.064,SELL,True
2907606412,2026-04-11T13:12:10.196000,1775913130196,ETHUSDT,2233.55,2.001,BUY,False
2907606413,2026-04-11T13:12:10.314000,1775913130314,ETHUSDT,2233.55,0.204,BUY,False
2907606414,2026-04-11T13:12:10.329000,1775913130329,ETHUSDT,2233.54,0.054,SELL,True
2907606415,2026-04-11T13:12:10.377000,1775913130377,ETHUSDT,2233.55,18.172,BUY,False
2907606416,2026-04-11T13:12:10.601000,1775913130601,ETHUSDT,2233.54,0.011,SELL,True
2907606417,2026-04-11T13:12:10.618000,1775913130618,ETHUSDT,2233.55,1.534,BUY,False
2907606418,2026-04-11T13:12:10.789000,1775913130789,ETHUSDT,2233.54,0.188,SELL,True
2907606419,2026-04-11T13:12:10.896000,1775913130896,ETHUSDT,2233.54,0.5,SELL,True
2907606420,2026-04-11T13:12:11.149000,1775913131149,ETHUSDT,2233.54,1.0,SELL,True
2907606421,2026-04-11T13:12:11.155000,1775913131155,ETHUSDT,2233.55,0.01,BUY,False
2907606422,2026-04-11T13:12:11.363000,1775913131363,ETHUSDT,2233.55,0.264,BUY,False
2907606423,2026-04-11T13:12:11.480000,1775913131480,ETHUSDT,2233.54,5.897,SELL,True
2907606424,2026-04-11T13:12:11.492000,1775913131492,ETHUSDT,2233.53,0.338,SELL,True
2907606425,2026-04-11T13:12:11.561000,1775913131561,ETHUSDT,2233.51,7.266,SELL,True
2907606426,2026-04-11T13:12:11.571000,1775913131571,ETHUSDT,2233.5,0.038,SELL,True
2907606427,2026-04-11T13:12:11.571000,1775913131571,ETHUSDT,2233.49,0.021,SELL,True
2907606428,2026-04-11T13:12:11.574000,1775913131574,ETHUSDT,2233.47,0.288,SELL,True
2907606429,2026-04-11T13:12:11.577000,1775913131577,ETHUSDT,2233.45,0.399,SELL,True
2907606430,2026-04-11T13:12:11.577000,1775913131577,ETHUSDT,2233.44,0.031,SELL,True
2907606431,2026-04-11T13:12:11.577000,1775913131577,ETHUSDT,2233.43,0.02,SELL,True
2907606432,2026-04-11T13:12:11.577000,1775913131577,ETHUSDT,2233.42,0.35,SELL,True
2907606433,2026-04-11T13:12:11.581000,1775913131581,ETHUSDT,2233.41,0.564,SELL,True
2907606434,2026-04-11T13:12:11.608000,1775913131608,ETHUSDT,2233.4,0.028,SELL,True
2907606435,2026-04-11T13:12:11.608000,1775913131608,ETHUSDT,2233.39,0.001,SELL,True
2907606436,2026-04-11T13:12:11.608000,1775913131608,ETHUSDT,2233.38,0.021,SELL,True
2907606437,2026-04-11T13:12:11.611000,1775913131611,ETHUSDT,2233.36,0.003,SELL,True
2907606438,2026-04-11T13:12:11.611000,1775913131611,ETHUSDT,2233.35,0.05,SELL,True
2907606439,2026-04-11T13:12:11.737000,1775913131737,ETHUSDT,2233.34,0.542,SELL,True
2907606440,2026-04-11T13:12:11.887000,1775913131887,ETHUSDT,2233.34,0.429,SELL,True
2907606441,2026-04-11T13:12:12.018000,1775913132018,ETHUSDT,2233.34,10.106,SELL,True
2907606442,2026-04-11T13:12:12.018000,1775913132018,ETHUSDT,2233.33,0.055,SELL,True
2907606443,2026-04-11T13:12:12.018000,1775913132018,ETHUSDT,2233.32,0.201,SELL,True
2907606444,2026-04-11T13:12:12.018000,1775913132018,ETHUSDT,2233.31,0.081,SELL,True
2907606445,2026-04-11T13:12:12.018000,1775913132018,ETHUSDT,2233.3,0.021,SELL,True
2907606446,2026-04-11T13:12:12.018000,1775913132018,ETHUSDT,2233.29,0.01,SELL,True
2907606447,2026-04-11T13:12:12.018000,1775913132018,ETHUSDT,2233.28,0.047,SELL,True
2907606448,2026-04-11T13:12:12.018000,1775913132018,ETHUSDT,2233.27,0.02,SELL,True
2907606449,2026-04-11T13:12:12.018000,1775913132018,ETHUSDT,2233.26,0.201,SELL,True
2907606450,2026-04-11T13:12:12.018000,1775913132018,ETHUSDT,2233.25,0.049,SELL,True
2907606451,2026-04-11T13:12:12.018000,1775913132018,ETHUSDT,2233.24,0.011,SELL,True
2907606452,2026-04-11T13:12:12.018000,1775913132018,ETHUSDT,2233.23,4.268,SELL,True
2907606453,2026-04-11T13:12:12.018000,1775913132018,ETHUSDT,2233.22,2.457,SELL,True
2907606454,2026-04-11T13:12:12.025000,1775913132025,ETHUSDT,2233.23,0.024,BUY,False
2907606455,2026-04-11T13:12:12.031000,1775913132031,ETHUSDT,2233.22,0.072,SELL,True
2907606456,2026-04-11T13:12:12.031000,1775913132031,ETHUSDT,2233.21,0.046,SELL,True
2907606457,2026-04-11T13:12:12.031000,1775913132031,ETHUSDT,2233.2,0.033,SELL,True
2907606458,2026-04-11T13:12:12.031000,1775913132031,ETHUSDT,2233.19,0.035,SELL,True
2907606459,2026-04-11T13:12:12.035000,1775913132035,ETHUSDT,2233.18,0.159,SELL,True
2907606460,2026-04-11T13:12:12.335000,1775913132335,ETHUSDT,2233.19,0.448,BUY,False
2907606461,2026-04-11T13:12:12.361000,1775913132361,ETHUSDT,2233.18,3.488,SELL,True
2907606462,2026-04-11T13:12:12.420000,1775913132420,ETHUSDT,2233.19,0.019,BUY,False
2907606463,2026-04-11T13:12:12.681000,1775913132681,ETHUSDT,2233.18,0.01,SELL,True
2907606464,2026-04-11T13:12:12.717000,1775913132717,ETHUSDT,2233.19,4.806,BUY,False
2907606465,2026-04-11T13:12:12.925000,1775913132925,ETHUSDT,2233.19,2.0,BUY,False
2907606466,2026-04-11T13:12:13.054000,1775913133054,ETHUSDT,2233.18,2.0,SELL,True
2907606467,2026-04-11T13:12:13.103000,1775913133103,ETHUSDT,2233.19,9.897,BUY,False
2907606468,2026-04-11T13:12:13.305000,1775913133305,ETHUSDT,2233.19,2.0,BUY,False
2907606469,2026-04-11T13:12:13.327000,1775913133327,ETHUSDT,2233.18,0.008,SELL,True
2907606470,2026-04-11T13:12:13.594000,1775913133594,ETHUSDT,2233.19,0.723,BUY,False
2907606471,2026-04-11T13:12:13.702000,1775913133702,ETHUSDT,2233.18,53.953,SELL,True
2907606472,2026-04-11T13:12:13.704000,1775913133704,ETHUSDT,2233.19,2.824,BUY,False
2907606473,2026-04-11T13:12:13.821000,1775913133821,ETHUSDT,2233.19,2.139,BUY,False
2907606474,2026-04-11T13:12:13.869000,1775913133869,ETHUSDT,2233.18,0.011,SELL,True
2907606475,2026-04-11T13:12:14.065000,1775913134065,ETHUSDT,2233.18,2.326,SELL,True
2907606476,2026-04-11T13:12:14.126000,1775913134126,ETHUSDT,2233.19,0.215,BUY,False
2907606477,2026-04-11T13:12:14.160000,1775913134160,ETHUSDT,2233.18,5.104,SELL,True
2907606478,2026-04-11T13:12:14.455000,1775913134455,ETHUSDT,2233.18,3.65,SELL,True
2907606479,2026-04-11T13:12:14.455000,1775913134455,ETHUSDT,2233.17,0.082,SELL,True
2907606480,2026-04-11T13:12:14.455000,1775913134455,ETHUSDT,2233.16,0.021,SELL,True
2907606481,2026-04-11T13:12:14.455000,1775913134455,ETHUSDT,2233.15,0.032,SELL,True
2907606482,2026-04-11T13:12:14.455000,1775913134455,ETHUSDT,2233.14,0.01,SELL,True
2907606483,2026-04-11T13:12:14.455000,1775913134455,ETHUSDT,2233.13,0.081,SELL,True
2907606484,2026-04-11T13:12:14.455000,1775913134455,ETHUSDT,2233.12,0.001,SELL,True
2907606485,2026-04-11T13:12:14.455000,1775913134455,ETHUSDT,2233.11,0.047,SELL,True
2907606486,2026-04-11T13:12:14.455000,1775913134455,ETHUSDT,2233.1,0.559,SELL,True
2907606487,2026-04-11T13:12:14.455000,1775913134455,ETHUSDT,2233.09,2.301,SELL,True
2907606488,2026-04-11T13:12:14.455000,1775913134455,ETHUSDT,2233.08,0.113,SELL,True
2907606489,2026-04-11T13:12:14.455000,1775913134455,ETHUSDT,2233.07,0.601,SELL,True
2907606490,2026-04-11T13:12:14.606000,1775913134606,ETHUSDT,2233.07,0.05,SELL,True
2907606491,2026-04-11T13:12:14.815000,1775913134815,ETHUSDT,2233.07,0.35,SELL,True
2907606492,2026-04-11T13:12:14.826000,1775913134826,ETHUSDT,2233.08,3.265,BUY,False
2907606493,2026-04-11T13:12:14.845000,1775913134845,ETHUSDT,2233.07,3.225,SELL,True
2907606494,2026-04-11T13:12:14.937000,1775913134937,ETHUSDT,2233.08,0.585,BUY,False
2907606495,2026-04-11T13:12:15.057000,1775913135057,ETHUSDT,2233.08,0.011,BUY,False
2907606496,2026-04-11T13:12:15.066000,1775913135066,ETHUSDT,2233.07,28.76,SELL,True
2907606497,2026-04-11T13:12:15.066000,1775913135066,ETHUSDT,2233.06,8.215,SELL,True
2907606498,2026-04-11T13:12:15.066000,1775913135066,ETHUSDT,2233.05,1.107,SELL,True
2907606499,2026-04-11T13:12:15.066000,1775913135066,ETHUSDT,2233.04,0.454,SELL,True
2907606500,2026-04-11T13:12:15.066000,1775913135066,ETHUSDT,2233.03,0.011,SELL,True
2907606501,2026-04-11T13:12:15.066000,1775913135066,ETHUSDT,2233.02,1.034,SELL,True
2907606502,2026-04-11T13:12:15.066000,1775913135066,ETHUSDT,2233.01,79.749,SELL,True
2907606503,2026-04-11T13:12:15.069000,1775913135069,ETHUSDT,2233.0,265.222,SELL,True
2907606504,2026-04-11T13:12:15.076000,1775913135076,ETHUSDT,2232.99,3.045,SELL,True
2907606505,2026-04-11T13:12:15.077000,1775913135077,ETHUSDT,2232.99,2.748,BUY,False
2907606506,2026-04-11T13:12:15.079000,1775913135079,ETHUSDT,2232.98,0.176,SELL,True
2907606507,2026-04-11T13:12:15.082000,1775913135082,ETHUSDT,2232.97,0.011,SELL,True
2907606508,2026-04-11T13:12:15.089000,1775913135089,ETHUSDT,2232.96,0.821,SELL,True
2907606509,2026-04-11T13:12:15.092000,1775913135092,ETHUSDT,2232.95,0.142,SELL,True
2907606510,2026-04-11T13:12:15.092000,1775913135092,ETHUSDT,2232.93,0.189,SELL,True
2907606511,2026-04-11T13:12:15.093000,1775913135093,ETHUSDT,2232.92,0.012,SELL,True
2907606512,2026-04-11T13:12:15.124000,1775913135124,ETHUSDT,2232.91,3.258,SELL,True
2907606513,2026-04-11T13:12:15.124000,1775913135124,ETHUSDT,2232.9,2.037,SELL,True
2907606514,2026-04-11T13:12:15.126000,1775913135126,ETHUSDT,2232.89,0.018,SELL,True
2907606515,2026-04-11T13:12:15.128000,1775913135128,ETHUSDT,2232.87,0.001,SELL,True
2907606516,2026-04-11T13:12:15.128000,1775913135128,ETHUSDT,2232.86,0.03,SELL,True
2907606517,2026-04-11T13:12:15.128000,1775913135128,ETHUSDT,2232.85,0.027,SELL,True
2907606518,2026-04-11T13:12:15.139000,1775913135139,ETHUSDT,2232.84,0.046,SELL,True
2907606519,2026-04-11T13:12:15.142000,1775913135142,ETHUSDT,2232.83,0.018,SELL,True
2907606520,2026-04-11T13:12:15.146000,1775913135146,ETHUSDT,2232.82,0.19,SELL,True
2907606521,2026-04-11T13:12:15.149000,1775913135149,ETHUSDT,2232.81,0.302,SELL,True
2907606522,2026-04-11T13:12:15.162000,1775913135162,ETHUSDT,2232.8,0.038,SELL,True
2907606523,2026-04-11T13:12:15.162000,1775913135162,ETHUSDT,2232.79,0.01,SELL,True
2907606524,2026-04-11T13:12:15.162000,1775913135162,ETHUSDT,2232.78,0.029,SELL,True
2907606525,2026-04-11T13:12:15.184000,1775913135184,ETHUSDT,2232.77,1.359,SELL,True
2907606526,2026-04-11T13:12:15.355000,1775913135355,ETHUSDT,2232.77,0.133,SELL,True
2907606527,2026-04-11T13:12:15.532000,1775913135532,ETHUSDT,2232.77,0.011,SELL,True
2907606528,2026-04-11T13:12:15.625000,1775913135625,ETHUSDT,2232.78,0.535,BUY,False
2907606529,2026-04-11T13:12:15.751000,1775913135751,ETHUSDT,2232.78,2.607,BUY,False
2907606530,2026-04-11T13:12:15.854000,1775913135854,ETHUSDT,2232.77,0.25,SELL,True
2907606531,2026-04-11T13:12:15.860000,1775913135860,ETHUSDT,2232.78,0.044,BUY,False
2907606532,2026-04-11T13:12:15.956000,1775913135956,ETHUSDT,2232.77,0.015,SELL,True
2907606533,2026-04-11T13:12:15.968000,1775913135968,ETHUSDT,2232.78,7.029,BUY,False
2907606534,2026-04-11T13:12:16.278000,1775913136278,ETHUSDT,2232.78,0.55,BUY,False
2907606535,2026-04-11T13:12:16.432000,1775913136432,ETHUSDT,2232.77,0.011,SELL,True
2907606536,2026-04-11T13:12:16.436000,1775913136436,ETHUSDT,2232.78,0.25,BUY,False
2907606537,2026-04-11T13:12:16.529000,1775913136529,ETHUSDT,2232.77,5.626,SELL,True
2907606538,2026-04-11T13:12:16.529000,1775913136529,ETHUSDT,2232.76,0.077,SELL,True
2907606539,2026-04-11T13:12:16.529000,1775913136529,ETHUSDT,2232.75,0.01,SELL,True
2907606540,2026-04-11T13:12:16.529000,1775913136529,ETHUSDT,2232.74,0.023,SELL,True
2907606541,2026-04-11T13:12:16.529000,1775913136529,ETHUSDT,2232.73,0.02,SELL,True
2907606542,2026-04-11T13:12:16.529000,1775913136529,ETHUSDT,2232.72,0.017,SELL,True
2907606543,2026-04-11T13:12:16.529000,1775913136529,ETHUSDT,2232.71,0.023,SELL,True
2907606544,2026-04-11T13:12:16.529000,1775913136529,ETHUSDT,2232.7,0.043,SELL,True
2907606545,2026-04-11T13:12:16.529000,1775913136529,ETHUSDT,2232.68,0.023,SELL,True
2907606546,2026-04-11T13:12:16.529000,1775913136529,ETHUSDT,2232.67,0.034,SELL,True
2907606547,2026-04-11T13:12:16.529000,1775913136529,ETHUSDT,2232.66,1.084,SELL,True
2907606548,2026-04-11T13:12:16.529000,1775913136529,ETHUSDT,2232.65,0.04,SELL,True
2907606549,2026-04-11T13:12:16.529000,1775913136529,ETHUSDT,2232.64,4.978,SELL,True
2907606550,2026-04-11T13:12:16.529000,1775913136529,ETHUSDT,2232.63,0.001,SELL,True
2907606551,2026-04-11T13:12:16.529000,1775913136529,ETHUSDT,2232.62,0.045,SELL,True
2907606552,2026-04-11T13:12:16.530000,1775913136530,ETHUSDT,2232.61,0.05,SELL,True
2907606553,2026-04-11T13:12:16.530000,1775913136530,ETHUSDT,2232.6,0.052,SELL,True
2907606554,2026-04-11T13:12:16.530000,1775913136530,ETHUSDT,2232.59,0.177,SELL,True
2907606555,2026-04-11T13:12:16.706000,1775913136706,ETHUSDT,2232.6,0.094,BUY,False
2907606556,2026-04-11T13:12:16.914000,1775913136914,ETHUSDT,2232.59,4.614,SELL,True
2907606557,2026-04-11T13:12:16.939000,1775913136939,ETHUSDT,2232.6,13.783,BUY,False
2907606558,2026-04-11T13:12:17.039000,1775913137039,ETHUSDT,2232.59,1.487,SELL,True
2907606559,2026-04-11T13:12:17.085000,1775913137085,ETHUSDT,2232.6,0.114,BUY,False
2907606560,2026-04-11T13:12:17.141000,1775913137141,ETHUSDT,2232.59,1.379,SELL,True
2907606561,2026-04-11T13:12:17.452000,1775913137452,ETHUSDT,2232.59,5.057,SELL,True
2907606562,2026-04-11T13:12:17.911000,1775913137911,ETHUSDT,2232.6,1.044,BUY,False
2907606563,2026-04-11T13:12:17.915000,1775913137915,ETHUSDT,2232.59,7.697,SELL,True
2907606564,2026-04-11T13:12:17.954000,1775913137954,ETHUSDT,2232.6,44.576,BUY,False
2907606565,2026-04-11T13:12:18.081000,1775913138081,ETHUSDT,2232.59,2.075,SELL,True
2907606566,2026-04-11T13:12:18.179000,1775913138179,ETHUSDT,2232.6,0.3,BUY,False
2907606567,2026-04-11T13:12:18.239000,1775913138239,ETHUSDT,2232.59,0.154,SELL,True
2907606568,2026-04-11T13:12:18.274000,1775913138274,ETHUSDT,2232.6,0.517,BUY,False
2907606569,2026-04-11T13:12:18.408000,1775913138408,ETHUSDT,2232.59,2.194,SELL,True
2907606570,2026-04-11T13:12:18.426000,1775913138426,ETHUSDT,2232.6,32.147,BUY,False
2907606571,2026-04-11T13:12:18.527000,1775913138527,ETHUSDT,2232.59,0.447,SELL,True
2907606572,2026-04-11T13:12:18.575000,1775913138575,ETHUSDT,2232.6,3.353,BUY,False
2907606573,2026-04-11T13:12:18.695000,1775913138695,ETHUSDT,2232.6,0.242,BUY,False
2907606574,2026-04-11T13:12:18.729000,1775913138729,ETHUSDT,2232.59,9.365,SELL,True
2907606575,2026-04-11T13:12:18.847000,1775913138847,ETHUSDT,2232.6,1.521,BUY,False
2907606576,2026-04-11T13:12:18.895000,1775913138895,ETHUSDT,2232.59,1.765,SELL,True
2907606577,2026-04-11T13:12:18.929000,1775913138929,ETHUSDT,2232.6,27.74,BUY,False
2907606578,2026-04-11T13:12:18.983000,1775913138983,ETHUSDT,2232.61,0.009,BUY,False
2907606579,2026-04-11T13:12:18.983000,1775913138983,ETHUSDT,2232.62,0.02,BUY,False
2907606580,2026-04-11T13:12:18.983000,1775913138983,ETHUSDT,2232.63,0.012,BUY,False
2907606581,2026-04-11T13:12:18.983000,1775913138983,ETHUSDT,2232.64,2.887,BUY,False
2907606582,2026-04-11T13:12:18.998000,1775913138998,ETHUSDT,2232.63,9.617,SELL,True
2907606583,2026-04-11T13:12:19.282000,1775913139282,ETHUSDT,2232.64,3.16,BUY,False
2907606584,2026-04-11T13:12:19.331000,1775913139331,ETHUSDT,2232.63,0.2,SELL,True
2907606585,2026-04-11T13:12:19.429000,1775913139429,ETHUSDT,2232.64,3.197,BUY,False
2907606586,2026-04-11T13:12:19.481000,1775913139481,ETHUSDT,2232.66,0.011,BUY,False
2907606587,2026-04-11T13:12:19.481000,1775913139481,ETHUSDT,2232.67,0.009,BUY,False
2907606588,2026-04-11T13:12:19.481000,1775913139481,ETHUSDT,2232.68,0.001,BUY,False
2907606589,2026-04-11T13:12:19.481000,1775913139481,ETHUSDT,2232.69,0.052,BUY,False
2907606590,2026-04-11T13:12:19.481000,1775913139481,ETHUSDT,2232.7,0.021,BUY,False
2907606591,2026-04-11T13:12:19.481000,1775913139481,ETHUSDT,2232.71,1.008,BUY,False
2907606592,2026-04-11T13:12:19.484000,1775913139484,ETHUSDT,2232.72,0.031,BUY,False
2907606593,2026-04-11T13:12:19.484000,1775913139484,ETHUSDT,2232.74,0.011,BUY,False
2907606594,2026-04-11T13:12:19.487000,1775913139487,ETHUSDT,2232.75,0.023,BUY,False
2907606595,2026-04-11T13:12:19.508000,1775913139508,ETHUSDT,2232.77,0.067,SELL,True
2907606596,2026-04-11T13:12:19.699000,1775913139699,ETHUSDT,2232.78,0.025,BUY,False
2907606597,2026-04-11T13:12:19.844000,1775913139844,ETHUSDT,2232.77,1.456,SELL,True
2907606598,2026-04-11T13:12:19.978000,1775913139978,ETHUSDT,2232.78,0.031,BUY,False
2907606599,2026-04-11T13:12:20.021000,1775913140021,ETHUSDT,2232.77,6.533,SELL,True
2907606600,2026-04-11T13:12:20.173000,1775913140173,ETHUSDT,2232.78,12.151,BUY,False
2907606601,2026-04-11T13:12:20.243000,1775913140243,ETHUSDT,2232.79,0.077,BUY,False
2907606602,2026-04-11T13:12:20.243000,1775913140243,ETHUSDT,2232.8,0.023,BUY,False
2907606603,2026-04-11T13:12:20.243000,1775913140243,ETHUSDT,2232.81,0.696,BUY,False
2907606604,2026-04-11T13:12:20.243000,1775913140243,ETHUSDT,2232.82,0.001,BUY,False
2907606605,2026-04-11T13:12:20.243000,1775913140243,ETHUSDT,2232.83,0.01,BUY,False
2907606606,2026-04-11T13:12:20.243000,1775913140243,ETHUSDT,2232.84,0.012,BUY,False
2907606607,2026-04-11T13:12:20.244000,1775913140244,ETHUSDT,2232.85,0.02,BUY,False
2907606608,2026-04-11T13:12:20.244000,1775913140244,ETHUSDT,2232.86,1.029,BUY,False
2907606609,2026-04-11T13:12:20.244000,1775913140244,ETHUSDT,2232.87,0.023,BUY,False
2907606610,2026-04-11T13:12:20.247000,1775913140247,ETHUSDT,2232.88,0.002,BUY,False
2907606611,2026-04-11T13:12:20.247000,1775913140247,ETHUSDT,2232.89,0.009,BUY,False
2907606612,2026-04-11T13:12:20.247000,1775913140247,ETHUSDT,2232.9,0.021,BUY,False
2907606613,2026-04-11T13:12:20.247000,1775913140247,ETHUSDT,2232.91,0.002,BUY,False
2907606614,2026-04-11T13:12:20.247000,1775913140247,ETHUSDT,2232.92,0.036,BUY,False
2907606615,2026-04-11T13:12:20.250000,1775913140250,ETHUSDT,2232.93,0.001,BUY,False
2907606616,2026-04-11T13:12:20.250000,1775913140250,ETHUSDT,2232.94,0.02,BUY,False
2907606617,2026-04-11T13:12:20.253000,1775913140253,ETHUSDT,2232.95,0.4,BUY,False
2907606618,2026-04-11T13:12:20.253000,1775913140253,ETHUSDT,2232.96,0.009,BUY,False
2907606619,2026-04-11T13:12:20.253000,1775913140253,ETHUSDT,2232.97,0.023,BUY,False
2907606620,2026-04-11T13:12:20.253000,1775913140253,ETHUSDT,2232.98,0.02,BUY,False
2907606621,2026-04-11T13:12:20.258000,1775913140258,ETHUSDT,2233.0,0.576,BUY,False
2907606622,2026-04-11T13:12:20.280000,1775913140280,ETHUSDT,2233.01,0.06,BUY,False
2907606623,2026-04-11T13:12:20.280000,1775913140280,ETHUSDT,2233.02,0.003,BUY,False
2907606624,2026-04-11T13:12:20.280000,1775913140280,ETHUSDT,2233.03,0.023,BUY,False
2907606625,2026-04-11T13:12:20.280000,1775913140280,ETHUSDT,2233.04,0.045,BUY,False
2907606626,2026-04-11T13:12:20.280000,1775913140280,ETHUSDT,2233.05,0.094,BUY,False
2907606627,2026-04-11T13:12:20.280000,1775913140280,ETHUSDT,2233.06,0.021,BUY,False
2907606628,2026-04-11T13:12:20.280000,1775913140280,ETHUSDT,2233.07,0.01,BUY,False
2907606629,2026-04-11T13:12:20.284000,1775913140284,ETHUSDT,2233.08,0.252,BUY,False
2907606630,2026-04-11T13:12:20.286000,1775913140286,ETHUSDT,2233.07,0.144,SELL,True
2907606631,2026-04-11T13:12:20.445000,1775913140445,ETHUSDT,2233.07,25.418,SELL,True
2907606632,2026-04-11T13:12:20.562000,1775913140562,ETHUSDT,2233.07,0.241,SELL,True
2907606633,2026-04-11T13:12:20.661000,1775913140661,ETHUSDT,2233.08,0.379,BUY,False
2907606634,2026-04-11T13:12:20.712000,1775913140712,ETHUSDT,2233.07,5.313,SELL,True
2907606635,2026-04-11T13:12:20.869000,1775913140869,ETHUSDT,2233.08,0.2,BUY,False
2907606636,2026-04-11T13:12:21.070000,1775913141070,ETHUSDT,2233.07,5.0,SELL,True
2907606637,2026-04-11T13:12:21.256000,1775913141256,ETHUSDT,2233.07,0.427,SELL,True
2907606638,2026-04-11T13:12:21.382000,1775913141382,ETHUSDT,2233.07,1.282,SELL,True
2907606639,2026-04-11T13:12:21.542000,1775913141542,ETHUSDT,2233.08,20.0,BUY,False
2907606640,2026-04-11T13:12:21.658000,1775913141658,ETHUSDT,2233.07,21.558,SELL,True
2907606641,2026-04-11T13:12:21.658000,1775913141658,ETHUSDT,2233.06,1.416,SELL,True
2907606642,2026-04-11T13:12:21.658000,1775913141658,ETHUSDT,2233.05,0.671,SELL,True
2907606643,2026-04-11T13:12:21.659000,1775913141659,ETHUSDT,2233.04,0.682,SELL,True
2907606644,2026-04-11T13:12:21.659000,1775913141659,ETHUSDT,2233.03,0.01,SELL,True
2907606645,2026-04-11T13:12:21.659000,1775913141659,ETHUSDT,2233.02,0.702,SELL,True
2907606646,2026-04-11T13:12:21.659000,1775913141659,ETHUSDT,2233.01,0.001,SELL,True
2907606647,2026-04-11T13:12:21.659000,1775913141659,ETHUSDT,2233.0,4.407,SELL,True
2907606648,2026-04-11T13:12:21.659000,1775913141659,ETHUSDT,2232.99,14.041,SELL,True
2907606649,2026-04-11T13:12:21.659000,1775913141659,ETHUSDT,2232.98,0.044,SELL,True
2907606650,2026-04-11T13:12:21.659000,1775913141659,ETHUSDT,2232.97,2.689,SELL,True
2907606651,2026-04-11T13:12:21.659000,1775913141659,ETHUSDT,2232.96,0.019,SELL,True
2907606652,2026-04-11T13:12:21.659000,1775913141659,ETHUSDT,2232.95,0.022,SELL,True
2907606653,2026-04-11T13:12:21.659000,1775913141659,ETHUSDT,2232.94,0.02,SELL,True
2907606654,2026-04-11T13:12:21.659000,1775913141659,ETHUSDT,2232.93,2.5,SELL,True
2907606655,2026-04-11T13:12:21.659000,1775913141659,ETHUSDT,2232.92,0.842,SELL,True
2907606656,2026-04-11T13:12:21.659000,1775913141659,ETHUSDT,2232.91,6.717,SELL,True
2907606657,2026-04-11T13:12:21.659000,1775913141659,ETHUSDT,2232.9,7.887,SELL,True
2907606658,2026-04-11T13:12:21.659000,1775913141659,ETHUSDT,2232.89,19.362,SELL,True
2907606659,2026-04-11T13:12:21.659000,1775913141659,ETHUSDT,2232.88,9.053,SELL,True
2907606660,2026-04-11T13:12:21.659000,1775913141659,ETHUSDT,2232.87,8.066,SELL,True
2907606661,2026-04-11T13:12:21.659000,1775913141659,ETHUSDT,2232.86,74.447,SELL,True
2907606662,2026-04-11T13:12:21.659000,1775913141659,ETHUSDT,2232.85,6.376,SELL,True
2907606663,2026-04-11T13:12:21.659000,1775913141659,ETHUSDT,2232.84,0.173,SELL,True
2907606664,2026-04-11T13:12:21.659000,1775913141659,ETHUSDT,2232.83,0.056,SELL,True
2907606665,2026-04-11T13:12:21.659000,1775913141659,ETHUSDT,2232.82,2.383,SELL,True
2907606666,2026-04-11T13:12:21.659000,1775913141659,ETHUSDT,2232.81,9.499,SELL,True
2907606667,2026-04-11T13:12:21.659000,1775913141659,ETHUSDT,2232.8,4.175,SELL,True
2907606668,2026-04-11T13:12:21.659000,1775913141659,ETHUSDT,2232.79,9.178,SELL,True
2907606669,2026-04-11T13:12:21.659000,1775913141659,ETHUSDT,2232.78,2.249,SELL,True
2907606670,2026-04-11T13:12:21.659000,1775913141659,ETHUSDT,2232.77,6.221,SELL,True
2907606671,2026-04-11T13:12:21.659000,1775913141659,ETHUSDT,2232.76,1.36,SELL,True
2907606672,2026-04-11T13:12:21.659000,1775913141659,ETHUSDT,2232.75,0.02,SELL,True
2907606673,2026-04-11T13:12:21.659000,1775913141659,ETHUSDT,2232.74,0.032,SELL,True
2907606674,2026-04-11T13:12:21.659000,1775913141659,ETHUSDT,2232.73,0.063,SELL,True
2907606675,2026-04-11T13:12:21.659000,1775913141659,ETHUSDT,2232.72,0.296,SELL,True
2907606676,2026-04-11T13:12:21.659000,1775913141659,ETHUSDT,2232.71,5.707,SELL,True
2907606677,2026-04-11T13:12:21.659000,1775913141659,ETHUSDT,2232.7,0.316,SELL,True
2907606678,2026-04-11T13:12:21.659000,1775913141659,ETHUSDT,2232.69,4.115,SELL,True
2907606679,2026-04-11T13:12:21.659000,1775913141659,ETHUSDT,2232.68,0.023,SELL,True
2907606680,2026-04-11T13:12:21.659000,1775913141659,ETHUSDT,2232.67,7.528,SELL,True
2907606681,2026-04-11T13:12:21.659000,1775913141659,ETHUSDT,2232.66,8.749,SELL,True
2907606682,2026-04-11T13:12:21.659000,1775913141659,ETHUSDT,2232.65,2.059,SELL,True
2907606683,2026-04-11T13:12:21.659000,1775913141659,ETHUSDT,2232.64,4.266,SELL,True
2907606684,2026-04-11T13:12:21.665000,1775913141665,ETHUSDT,2232.72,3.12,BUY,False
2907606685,2026-04-11T13:12:21.675000,1775913141675,ETHUSDT,2232.73,0.109,BUY,False
2907606686,2026-04-11T13:12:21.677000,1775913141677,ETHUSDT,2232.75,0.011,BUY,False
2907606687,2026-04-11T13:12:21.677000,1775913141677,ETHUSDT,2232.77,0.002,BUY,False
2907606688,2026-04-11T13:12:21.677000,1775913141677,ETHUSDT,2232.78,0.022,BUY,False
2907606689,2026-04-11T13:12:21.681000,1775913141681,ETHUSDT,2232.8,0.001,BUY,False
2907606690,2026-04-11T13:12:21.681000,1775913141681,ETHUSDT,2232.81,0.011,BUY,False
2907606691,2026-04-11T13:12:21.681000,1775913141681,ETHUSDT,2232.82,0.087,BUY,False
2907606692,2026-04-11T13:12:21.688000,1775913141688,ETHUSDT,2232.83,1.517,SELL,True
2907606693,2026-04-11T13:12:21.690000,1775913141690,ETHUSDT,2232.84,0.024,BUY,False
2907606694,2026-04-11T13:12:21.706000,1775913141706,ETHUSDT,2232.83,0.175,SELL,True
2907606695,2026-04-11T13:12:21.731000,1775913141731,ETHUSDT,2232.84,0.734,BUY,False
2907606696,2026-04-11T13:12:21.758000,1775913141758,ETHUSDT,2232.83,25.322,SELL,True
2907606697,2026-04-11T13:12:21.831000,1775913141831,ETHUSDT,2232.84,0.511,BUY,False
2907606698,2026-04-11T13:12:21.942000,1775913141942,ETHUSDT,2232.84,0.2,BUY,False
2907606699,2026-04-11T13:12:22.034000,1775913142034,ETHUSDT,2232.83,10.301,SELL,True
2907606700,2026-04-11T13:12:22.419000,1775913142419,ETHUSDT,2232.84,0.422,BUY,False
2907606701,2026-04-11T13:12:22.422000,1775913142422,ETHUSDT,2232.86,0.024,BUY,False
2907606702,2026-04-11T13:12:22.422000,1775913142422,ETHUSDT,2232.87,0.011,BUY,False
2907606703,2026-04-11T13:12:22.422000,1775913142422,ETHUSDT,2232.88,0.002,BUY,False
2907606704,2026-04-11T13:12:22.422000,1775913142422,ETHUSDT,2232.89,0.028,BUY,False
2907606705,2026-04-11T13:12:22.422000,1775913142422,ETHUSDT,2232.9,0.012,BUY,False
2907606706,2026-04-11T13:12:22.422000,1775913142422,ETHUSDT,2232.91,0.013,BUY,False
2907606707,2026-04-11T13:12:22.422000,1775913142422,ETHUSDT,2232.92,0.027,BUY,False
2907606708,2026-04-11T13:12:22.422000,1775913142422,ETHUSDT,2232.93,0.01,BUY,False
2907606709,2026-04-11T13:12:22.422000,1775913142422,ETHUSDT,2232.94,0.032,BUY,False
2907606710,2026-04-11T13:12:22.422000,1775913142422,ETHUSDT,2232.95,0.032,BUY,False
2907606711,2026-04-11T13:12:22.427000,1775913142427,ETHUSDT,2232.97,0.17,BUY,False
2907606712,2026-04-11T13:12:22.468000,1775913142468,ETHUSDT,2232.98,0.041,BUY,False
2907606713,2026-04-11T13:12:22.468000,1775913142468,ETHUSDT,2233.0,0.052,BUY,False
2907606714,2026-04-11T13:12:22.468000,1775913142468,ETHUSDT,2233.01,0.002,BUY,False
2907606715,2026-04-11T13:12:22.468000,1775913142468,ETHUSDT,2233.02,0.012,BUY,False
2907606716,2026-04-11T13:12:22.468000,1775913142468,ETHUSDT,2233.03,0.015,BUY,False
2907606717,2026-04-11T13:12:22.472000,1775913142472,ETHUSDT,2233.05,2.079,BUY,False
2907606718,2026-04-11T13:12:22.667000,1775913142667,ETHUSDT,2233.04,95.041,SELL,True
2907606719,2026-04-11T13:12:22.667000,1775913142667,ETHUSDT,2233.03,0.051,SELL,True
2907606720,2026-04-11T13:12:22.667000,1775913142667,ETHUSDT,2233.02,0.622,SELL,True
2907606721,2026-04-11T13:12:22.667000,1775913142667,ETHUSDT,2233.01,1.15,SELL,True
2907606722,2026-04-11T13:12:22.667000,1775913142667,ETHUSDT,2233.0,14.232,SELL,True
2907606723,2026-04-11T13:12:22.667000,1775913142667,ETHUSDT,2232.99,0.02,SELL,True
2907606724,2026-04-11T13:12:22.667000,1775913142667,ETHUSDT,2232.98,0.692,SELL,True
2907606725,2026-04-11T13:12:22.667000,1775913142667,ETHUSDT,2232.97,1.108,SELL,True
2907606726,2026-04-11T13:12:22.667000,1775913142667,ETHUSDT,2232.96,0.047,SELL,True
2907606727,2026-04-11T13:12:22.667000,1775913142667,ETHUSDT,2232.95,2.719,SELL,True
2907606728,2026-04-11T13:12:22.667000,1775913142667,ETHUSDT,2232.94,1.805,SELL,True
2907606729,2026-04-11T13:12:22.667000,1775913142667,ETHUSDT,2232.93,0.029,SELL,True
2907606730,2026-04-11T13:12:22.667000,1775913142667,ETHUSDT,2232.92,0.002,SELL,True
2907606731,2026-04-11T13:12:22.667000,1775913142667,ETHUSDT,2232.91,0.019,SELL,True
2907606732,2026-04-11T13:12:22.667000,1775913142667,ETHUSDT,2232.9,0.023,SELL,True
2907606733,2026-04-11T13:12:22.667000,1775913142667,ETHUSDT,2232.89,2.659,SELL,True
2907606734,2026-04-11T13:12:22.667000,1775913142667,ETHUSDT,2232.88,0.002,SELL,True
2907606735,2026-04-11T13:12:22.667000,1775913142667,ETHUSDT,2232.87,0.064,SELL,True
2907606736,2026-04-11T13:12:22.667000,1775913142667,ETHUSDT,2232.86,9.047,SELL,True
2907606737,2026-04-11T13:12:22.667000,1775913142667,ETHUSDT,2232.85,0.084,SELL,True
2907606738,2026-04-11T13:12:22.667000,1775913142667,ETHUSDT,2232.84,16.859,SELL,True
2907606739,2026-04-11T13:12:22.667000,1775913142667,ETHUSDT,2232.83,0.548,SELL,True
2907606740,2026-04-11T13:12:22.667000,1775913142667,ETHUSDT,2232.82,0.001,SELL,True
2907606741,2026-04-11T13:12:22.667000,1775913142667,ETHUSDT,2232.81,0.031,SELL,True
2907606742,2026-04-11T13:12:22.667000,1775913142667,ETHUSDT,2232.8,2.033,SELL,True
2907606743,2026-04-11T13:12:22.668000,1775913142668,ETHUSDT,2232.79,4.833,SELL,True
2907606744,2026-04-11T13:12:22.670000,1775913142670,ETHUSDT,2232.78,0.217,SELL,True
2907606745,2026-04-11T13:12:22.763000,1775913142763,ETHUSDT,2232.79,2.0,BUY,False
2907606746,2026-04-11T13:12:22.765000,1775913142765,ETHUSDT,2232.78,3.583,SELL,True
2907606747,2026-04-11T13:12:22.766000,1775913142766,ETHUSDT,2232.79,5.981,BUY,False
2907606748,2026-04-11T13:12:22.859000,1775913142859,ETHUSDT,2232.78,0.669,SELL,True
2907606749,2026-04-11T13:12:22.964000,1775913142964,ETHUSDT,2232.78,1.102,BUY,False
2907606750,2026-04-11T13:12:22.964000,1775913142964,ETHUSDT,2232.77,0.365,SELL,True
2907606751,2026-04-11T13:12:23.006000,1775913143006,ETHUSDT,2232.78,0.066,BUY,False
2907606752,2026-04-11T13:12:23.193000,1775913143193,ETHUSDT,2232.78,3.118,BUY,False
2907606753,2026-04-11T13:12:23.306000,1775913143306,ETHUSDT,2232.78,0.02,BUY,False
2907606754,2026-04-11T13:12:23.426000,1775913143426,ETHUSDT,2232.78,0.4,BUY,False
2907606755,2026-04-11T13:12:23.513000,1775913143513,ETHUSDT,2232.77,2.239,SELL,True
2907606756,2026-04-11T13:12:23.543000,1775913143543,ETHUSDT,2232.78,0.067,BUY,False
2907606757,2026-04-11T13:12:23.594000,1775913143594,ETHUSDT,2232.77,0.044,SELL,True
2907606758,2026-04-11T13:12:23.778000,1775913143778,ETHUSDT,2232.77,0.035,SELL,True
2907606759,2026-04-11T13:12:23.886000,1775913143886,ETHUSDT,2232.77,4.562,SELL,True
2907606760,2026-04-11T13:12:23.959000,1775913143959,ETHUSDT,2232.76,0.095,SELL,True
2907606761,2026-04-11T13:12:23.959000,1775913143959,ETHUSDT,2232.75,0.02,SELL,True
2907606762,2026-04-11T13:12:23.959000,1775913143959,ETHUSDT,2232.74,0.013,SELL,True
2907606763,2026-04-11T13:12:23.959000,1775913143959,ETHUSDT,2232.73,0.021,SELL,True
2907606764,2026-04-11T13:12:23.959000,1775913143959,ETHUSDT,2232.71,0.011,SELL,True
2907606765,2026-04-11T13:12:23.959000,1775913143959,ETHUSDT,2232.7,0.045,SELL,True
2907606766,2026-04-11T13:12:23.959000,1775913143959,ETHUSDT,2232.69,0.011,SELL,True
2907606767,2026-04-11T13:12:23.959000,1775913143959,ETHUSDT,2232.68,0.014,SELL,True
2907606768,2026-04-11T13:12:23.959000,1775913143959,ETHUSDT,2232.67,0.048,SELL,True
2907606769,2026-04-11T13:12:23.988000,1775913143988,ETHUSDT,2232.67,0.228,BUY,False
2907606770,2026-04-11T13:12:24.041000,1775913144041,ETHUSDT,2232.66,1.343,SELL,True
2907606771,2026-04-11T13:12:24.122000,1775913144122,ETHUSDT,2232.67,0.05,BUY,False
2907606772,2026-04-11T13:12:24.244000,1775913144244,ETHUSDT,2232.67,0.374,BUY,False
2907606773,2026-04-11T13:12:24.278000,1775913144278,ETHUSDT,2232.66,1.153,SELL,True
2907606774,2026-04-11T13:12:24.292000,1775913144292,ETHUSDT,2232.65,0.084,SELL,True
2907606775,2026-04-11T13:12:24.292000,1775913144292,ETHUSDT,2232.64,0.017,SELL,True
2907606776,2026-04-11T13:12:24.292000,1775913144292,ETHUSDT,2232.63,0.015,SELL,True
2907606777,2026-04-11T13:12:24.292000,1775913144292,ETHUSDT,2232.62,0.031,SELL,True
2907606778,2026-04-11T13:12:24.292000,1775913144292,ETHUSDT,2232.61,0.011,SELL,True
2907606779,2026-04-11T13:12:24.292000,1775913144292,ETHUSDT,2232.6,0.03,SELL,True
2907606780,2026-04-11T13:12:24.292000,1775913144292,ETHUSDT,2232.59,0.327,SELL,True
2907606781,2026-04-11T13:12:24.292000,1775913144292,ETHUSDT,2232.58,0.01,SELL,True
2907606782,2026-04-11T13:12:24.293000,1775913144293,ETHUSDT,2232.57,0.101,SELL,True
2907606783,2026-04-11T13:12:24.293000,1775913144293,ETHUSDT,2232.56,2.592,SELL,True
2907606784,2026-04-11T13:12:24.635000,1775913144635,ETHUSDT,2232.57,0.081,BUY,False
2907606785,2026-04-11T13:12:24.648000,1775913144648,ETHUSDT,2232.56,0.608,SELL,True
2907606786,2026-04-11T13:12:24.782000,1775913144782,ETHUSDT,2232.56,4.906,SELL,True
2907606787,2026-04-11T13:12:24.859000,1775913144859,ETHUSDT,2232.57,0.223,BUY,False
2907606788,2026-04-11T13:12:24.883000,1775913144883,ETHUSDT,2232.56,0.164,SELL,True
2907606789,2026-04-11T13:12:24.883000,1775913144883,ETHUSDT,2232.55,0.038,SELL,True
2907606790,2026-04-11T13:12:24.883000,1775913144883,ETHUSDT,2232.54,0.032,SELL,True
2907606791,2026-04-11T13:12:24.883000,1775913144883,ETHUSDT,2232.53,0.001,SELL,True
2907606792,2026-04-11T13:12:24.883000,1775913144883,ETHUSDT,2232.52,0.012,SELL,True
2907606793,2026-04-11T13:12:24.883000,1775913144883,ETHUSDT,2232.51,0.057,SELL,True
2907606794,2026-04-11T13:12:24.883000,1775913144883,ETHUSDT,2232.5,1.4,SELL,True
2907606795,2026-04-11T13:12:24.903000,1775913144903,ETHUSDT,2232.51,0.2,BUY,False
2907606796,2026-04-11T13:12:24.904000,1775913144904,ETHUSDT,2232.5,0.067,SELL,True
2907606797,2026-04-11T13:12:24.912000,1775913144912,ETHUSDT,2232.51,8.193,BUY,False
2907606798,2026-04-11T13:12:25.020000,1775913145020,ETHUSDT,2232.51,0.338,BUY,False
2907606799,2026-04-11T13:12:25.148000,1775913145148,ETHUSDT,2232.5,21.324,SELL,True
2907606800,2026-04-11T13:12:25.148000,1775913145148,ETHUSDT,2232.49,5.901,SELL,True
2907606801,2026-04-11T13:12:25.287000,1775913145287,ETHUSDT,2232.49,0.341,SELL,True
2907606802,2026-04-11T13:12:25.295000,1775913145295,ETHUSDT,2232.5,0.091,BUY,False
2907606803,2026-04-11T13:12:25.336000,1775913145336,ETHUSDT,2232.49,4.746,SELL,True
2907606804,2026-04-11T13:12:25.403000,1775913145403,ETHUSDT,2232.5,0.165,BUY,False
2907606805,2026-04-11T13:12:25.449000,1775913145449,ETHUSDT,2232.49,1.119,SELL,True
2907606806,2026-04-11T13:12:25.475000,1775913145475,ETHUSDT,2232.5,2.034,BUY,False
2907606807,2026-04-11T13:12:25.485000,1775913145485,ETHUSDT,2232.49,6.018,SELL,True
2907606808,2026-04-11T13:12:25.485000,1775913145485,ETHUSDT,2232.48,0.022,SELL,True
2907606809,2026-04-11T13:12:25.488000,1775913145488,ETHUSDT,2232.47,0.011,SELL,True
2907606810,2026-04-11T13:12:25.488000,1775913145488,ETHUSDT,2232.46,0.014,SELL,True
2907606811,2026-04-11T13:12:25.488000,1775913145488,ETHUSDT,2232.45,0.039,SELL,True
2907606812,2026-04-11T13:12:25.488000,1775913145488,ETHUSDT,2232.44,0.022,SELL,True
2907606813,2026-04-11T13:12:25.488000,1775913145488,ETHUSDT,2232.43,0.061,SELL,True
2907606814,2026-04-11T13:12:25.488000,1775913145488,ETHUSDT,2232.42,0.013,SELL,True
2907606815,2026-04-11T13:12:25.488000,1775913145488,ETHUSDT,2232.41,0.032,SELL,True
2907606816,2026-04-11T13:12:25.491000,1775913145491,ETHUSDT,2232.4,0.057,SELL,True
2907606817,2026-04-11T13:12:25.498000,1775913145498,ETHUSDT,2232.38,0.924,SELL,True
2907606818,2026-04-11T13:12:25.498000,1775913145498,ETHUSDT,2232.37,0.021,SELL,True
2907606819,2026-04-11T13:12:25.498000,1775913145498,ETHUSDT,2232.36,1.434,SELL,True
2907606820,2026-04-11T13:12:25.499000,1775913145499,ETHUSDT,2232.35,0.03,SELL,True
2907606821,2026-04-11T13:12:25.499000,1775913145499,ETHUSDT,2232.34,0.708,SELL,True
2907606822,2026-04-11T13:12:25.513000,1775913145513,ETHUSDT,2232.33,2.377,SELL,True
2907606823,2026-04-11T13:12:25.694000,1775913145694,ETHUSDT,2232.34,3.126,BUY,False
2907606824,2026-04-11T13:12:25.707000,1775913145707,ETHUSDT,2232.33,4.42,SELL,True
2907606825,2026-04-11T13:12:25.872000,1775913145872,ETHUSDT,2232.33,0.124,SELL,True
2907606826,2026-04-11T13:12:26.055000,1775913146055,ETHUSDT,2232.33,20.418,SELL,True
2907606827,2026-04-11T13:12:26.064000,1775913146064,ETHUSDT,2232.34,6.84,BUY,False
2907606828,2026-04-11T13:12:26.229000,1775913146229,ETHUSDT,2232.33,0.583,SELL,True
2907606829,2026-04-11T13:12:26.373000,1775913146373,ETHUSDT,2232.34,5.215,BUY,False
2907606830,2026-04-11T13:12:26.435000,1775913146435,ETHUSDT,2232.33,0.089,SELL,True
2907606831,2026-04-11T13:12:26.644000,1775913146644,ETHUSDT,2232.33,0.5,SELL,True
2907606832,2026-04-11T13:12:26.677000,1775913146677,ETHUSDT,2232.34,0.488,BUY,False
2907606833,2026-04-11T13:12:26.790000,1775913146790,ETHUSDT,2232.33,15.314,SELL,True
2907606834,2026-04-11T13:12:27.107000,1775913147107,ETHUSDT,2232.33,0.25,SELL,True
2907606835,2026-04-11T13:12:27.529000,1775913147529,ETHUSDT,2232.33,23.105,SELL,True
2907606836,2026-04-11T13:12:27.700000,1775913147700,ETHUSDT,2232.33,0.123,SELL,True
2907606837,2026-04-11T13:12:27.804000,1775913147804,ETHUSDT,2232.34,0.075,BUY,False
2907606838,2026-04-11T13:12:27.853000,1775913147853,ETHUSDT,2232.33,0.445,SELL,True
2907606839,2026-04-11T13:12:27.923000,1775913147923,ETHUSDT,2232.34,37.812,BUY,False
2907606840,2026-04-11T13:12:27.965000,1775913147965,ETHUSDT,2232.35,0.028,BUY,False
2907606841,2026-04-11T13:12:27.968000,1775913147968,ETHUSDT,2232.37,0.17,BUY,False
2907606842,2026-04-11T13:12:28.112000,1775913148112,ETHUSDT,2232.36,30.0,SELL,True
2907606843,2026-04-11T13:12:28.253000,1775913148253,ETHUSDT,2232.36,1.67,SELL,True
2907606844,2026-04-11T13:12:28.254000,1775913148254,ETHUSDT,2232.37,0.013,BUY,False
2907606845,2026-04-11T13:12:28.287000,1775913148287,ETHUSDT,2232.36,17.31,SELL,True
2907606846,2026-04-11T13:12:28.457000,1775913148457,ETHUSDT,2232.37,0.013,BUY,False
2907606847,2026-04-11T13:12:28.622000,1775913148622,ETHUSDT,2232.36,2.999,SELL,True
2907606848,2026-04-11T13:12:28.783000,1775913148783,ETHUSDT,2232.37,0.13,BUY,False
2907606849,2026-04-11T13:12:28.990000,1775913148990,ETHUSDT,2232.36,1.185,SELL,True
2907606850,2026-04-11T13:12:29.027000,1775913149027,ETHUSDT,2232.37,0.059,BUY,False
2907606851,2026-04-11T13:12:29.144000,1775913149144,ETHUSDT,2232.36,10.547,SELL,True
2907606852,2026-04-11T13:12:29.273000,1775913149273,ETHUSDT,2232.37,0.2,BUY,False
2907606853,2026-04-11T13:12:29.325000,1775913149325,ETHUSDT,2232.36,0.172,SELL,True
2907606854,2026-04-11T13:12:29.599000,1775913149599,ETHUSDT,2232.37,0.017,BUY,False
2907606855,2026-04-11T13:12:29.937000,1775913149937,ETHUSDT,2232.37,1.139,BUY,False
2907606856,2026-04-11T13:12:30.104000,1775913150104,ETHUSDT,2232.36,6.189,SELL,True
2907606857,2026-04-11T13:12:30.346000,1775913150346,ETHUSDT,2232.36,1.724,SELL,True
2907606858,2026-04-11T13:12:30.369000,1775913150369,ETHUSDT,2232.37,16.731,BUY,False
2907606859,2026-04-11T13:12:30.397000,1775913150397,ETHUSDT,2232.36,1.643,SELL,True
2907606860,2026-04-11T13:12:30.403000,1775913150403,ETHUSDT,2232.37,1.0,BUY,False
2907606861,2026-04-11T13:12:30.583000,1775913150583,ETHUSDT,2232.37,0.05,BUY,False
2907606862,2026-04-11T13:12:30.589000,1775913150589,ETHUSDT,2232.36,20.0,SELL,True
2907606863,2026-04-11T13:12:30.640000,1775913150640,ETHUSDT,2232.37,1.85,BUY,False
2907606864,2026-04-11T13:12:30.650000,1775913150650,ETHUSDT,2232.38,1.245,BUY,False
2907606865,2026-04-11T13:12:30.652000,1775913150652,ETHUSDT,2232.41,0.011,BUY,False
2907606866,2026-04-11T13:12:30.652000,1775913150652,ETHUSDT,2232.42,0.041,BUY,False
2907606867,2026-04-11T13:12:30.652000,1775913150652,ETHUSDT,2232.43,0.012,BUY,False
2907606868,2026-04-11T13:12:30.652000,1775913150652,ETHUSDT,2232.44,0.012,BUY,False
2907606869,2026-04-11T13:12:30.652000,1775913150652,ETHUSDT,2232.45,0.031,BUY,False
2907606870,2026-04-11T13:12:30.652000,1775913150652,ETHUSDT,2232.46,0.021,BUY,False
2907606871,2026-04-11T13:12:30.652000,1775913150652,ETHUSDT,2232.47,0.011,BUY,False
2907606872,2026-04-11T13:12:30.652000,1775913150652,ETHUSDT,2232.48,0.021,BUY,False
2907606873,2026-04-11T13:12:30.973000,1775913150973,ETHUSDT,2232.49,1.445,BUY,False
2907606874,2026-04-11T13:12:30.973000,1775913150973,ETHUSDT,2232.5,0.04,BUY,False
2907606875,2026-04-11T13:12:30.973000,1775913150973,ETHUSDT,2232.51,0.08,BUY,False
2907606876,2026-04-11T13:12:30.973000,1775913150973,ETHUSDT,2232.52,0.011,BUY,False
2907606877,2026-04-11T13:12:30.973000,1775913150973,ETHUSDT,2232.53,0.035,BUY,False
2907606878,2026-04-11T13:12:30.973000,1775913150973,ETHUSDT,2232.54,0.032,BUY,False
2907606879,2026-04-11T13:12:30.973000,1775913150973,ETHUSDT,2232.55,0.034,BUY,False
2907606880,2026-04-11T13:12:30.973000,1775913150973,ETHUSDT,2232.56,0.042,BUY,False
2907606881,2026-04-11T13:12:30.973000,1775913150973,ETHUSDT,2232.57,1.13,BUY,False
2907606882,2026-04-11T13:12:30.973000,1775913150973,ETHUSDT,2232.58,0.022,BUY,False
2907606883,2026-04-11T13:12:30.973000,1775913150973,ETHUSDT,2232.59,0.011,BUY,False
2907606884,2026-04-11T13:12:30.973000,1775913150973,ETHUSDT,2232.6,0.021,BUY,False
2907606885,2026-04-11T13:12:30.973000,1775913150973,ETHUSDT,2232.61,0.039,BUY,False
2907606886,2026-04-11T13:12:30.973000,1775913150973,ETHUSDT,2232.62,0.303,BUY,False
2907606887,2026-04-11T13:12:30.973000,1775913150973,ETHUSDT,2232.63,0.011,BUY,False
2907606888,2026-04-11T13:12:30.973000,1775913150973,ETHUSDT,2232.64,1.895,BUY,False
2907606889,2026-04-11T13:12:30.973000,1775913150973,ETHUSDT,2232.65,0.038,BUY,False
2907606890,2026-04-11T13:12:30.973000,1775913150973,ETHUSDT,2232.66,3.184,BUY,False
2907606891,2026-04-11T13:12:30.973000,1775913150973,ETHUSDT,2232.67,3.247,BUY,False
2907606892,2026-04-11T13:12:30.973000,1775913150973,ETHUSDT,2232.68,0.712,BUY,False
2907606893,2026-04-11T13:12:30.973000,1775913150973,ETHUSDT,2232.69,0.815,BUY,False
2907606894,2026-04-11T13:12:30.973000,1775913150973,ETHUSDT,2232.7,2.326,BUY,False
2907606895,2026-04-11T13:12:30.973000,1775913150973,ETHUSDT,2232.71,4.499,BUY,False
2907606896,2026-04-11T13:12:30.973000,1775913150973,ETHUSDT,2232.72,0.927,BUY,False
2907606897,2026-04-11T13:12:30.973000,1775913150973,ETHUSDT,2232.73,0.201,BUY,False
2907606898,2026-04-11T13:12:30.973000,1775913150973,ETHUSDT,2232.74,4.403,BUY,False
2907606899,2026-04-11T13:12:30.973000,1775913150973,ETHUSDT,2232.75,3.106,BUY,False
2907606900,2026-04-11T13:12:30.973000,1775913150973,ETHUSDT,2232.76,4.332,BUY,False
2907606901,2026-04-11T13:12:30.973000,1775913150973,ETHUSDT,2232.77,9.736,BUY,False
2907606902,2026-04-11T13:12:30.973000,1775913150973,ETHUSDT,2232.78,22.988,BUY,False
2907606903,2026-04-11T13:12:31.072000,1775913151072,ETHUSDT,2232.77,0.313,SELL,True
2907606904,2026-04-11T13:12:31.075000,1775913151075,ETHUSDT,2232.76,0.502,SELL,True
2907606905,2026-04-11T13:12:31.200000,1775913151200,ETHUSDT,2232.77,1.264,BUY,False
2907606906,2026-04-11T13:12:31.240000,1775913151240,ETHUSDT,2232.76,15.478,SELL,True
2907606907,2026-04-11T13:12:31.240000,1775913151240,ETHUSDT,2232.75,0.018,SELL,True
2907606908,2026-04-11T13:12:31.240000,1775913151240,ETHUSDT,2232.74,0.012,SELL,True
2907606909,2026-04-11T13:12:31.240000,1775913151240,ETHUSDT,2232.73,0.001,SELL,True
2907606910,2026-04-11T13:12:31.240000,1775913151240,ETHUSDT,2232.72,0.029,SELL,True
2907606911,2026-04-11T13:12:31.240000,1775913151240,ETHUSDT,2232.71,0.012,SELL,True
2907606912,2026-04-11T13:12:31.240000,1775913151240,ETHUSDT,2232.7,0.001,SELL,True
2907606913,2026-04-11T13:12:31.240000,1775913151240,ETHUSDT,2232.69,0.001,SELL,True
2907606914,2026-04-11T13:12:31.240000,1775913151240,ETHUSDT,2232.68,0.023,SELL,True
2907606915,2026-04-11T13:12:31.240000,1775913151240,ETHUSDT,2232.67,0.019,SELL,True
2907606916,2026-04-11T13:12:31.240000,1775913151240,ETHUSDT,2232.66,0.001,SELL,True
2907606917,2026-04-11T13:12:31.240000,1775913151240,ETHUSDT,2232.65,0.021,SELL,True
2907606918,2026-04-11T13:12:31.240000,1775913151240,ETHUSDT,2232.64,0.001,SELL,True
2907606919,2026-04-11T13:12:31.240000,1775913151240,ETHUSDT,2232.63,0.015,SELL,True
2907606920,2026-04-11T13:12:31.240000,1775913151240,ETHUSDT,2232.62,0.021,SELL,True
2907606921,2026-04-11T13:12:31.240000,1775913151240,ETHUSDT,2232.61,0.101,SELL,True
2907606922,2026-04-11T13:12:31.240000,1775913151240,ETHUSDT,2232.6,6.318,SELL,True
2907606923,2026-04-11T13:12:31.240000,1775913151240,ETHUSDT,2232.59,4.53,SELL,True
2907606924,2026-04-11T13:12:31.240000,1775913151240,ETHUSDT,2232.58,6.134,SELL,True
2907606925,2026-04-11T13:12:31.240000,1775913151240,ETHUSDT,2232.57,0.012,SELL,True
2907606926,2026-04-11T13:12:31.240000,1775913151240,ETHUSDT,2232.56,0.074,SELL,True
2907606927,2026-04-11T13:12:31.240000,1775913151240,ETHUSDT,2232.55,2.699,SELL,True
2907606928,2026-04-11T13:12:31.241000,1775913151241,ETHUSDT,2232.54,14.479,SELL,True
2907606929,2026-04-11T13:12:31.244000,1775913151244,ETHUSDT,2232.55,0.061,SELL,True
2907606930,2026-04-11T13:12:31.293000,1775913151293,ETHUSDT,2232.56,5.036,BUY,False
2907606931,2026-04-11T13:12:31.390000,1775913151390,ETHUSDT,2232.55,1.775,SELL,True
2907606932,2026-04-11T13:12:31.483000,1775913151483,ETHUSDT,2232.56,0.014,BUY,False
2907606933,2026-04-11T13:12:31.710000,1775913151710,ETHUSDT,2232.55,2.0,SELL,True
2907606934,2026-04-11T13:12:31.773000,1775913151773,ETHUSDT,2232.56,37.406,BUY,False
2907606935,2026-04-11T13:12:31.897000,1775913151897,ETHUSDT,2232.56,0.669,BUY,False
2907606936,2026-04-11T13:12:31.946000,1775913151946,ETHUSDT,2232.55,0.05,SELL,True
2907606937,2026-04-11T13:12:31.962000,1775913151962,ETHUSDT,2232.56,0.217,BUY,False
2907606938,2026-04-11T13:12:31.962000,1775913151962,ETHUSDT,2232.57,0.009,BUY,False
2907606939,2026-04-11T13:12:31.962000,1775913151962,ETHUSDT,2232.59,0.012,BUY,False
2907606940,2026-04-11T13:12:31.962000,1775913151962,ETHUSDT,2232.6,0.001,BUY,False
2907606941,2026-04-11T13:12:31.962000,1775913151962,ETHUSDT,2232.61,0.029,BUY,False
2907606942,2026-04-11T13:12:31.962000,1775913151962,ETHUSDT,2232.62,0.021,BUY,False
2907606943,2026-04-11T13:12:31.962000,1775913151962,ETHUSDT,2232.63,0.034,BUY,False
2907606944,2026-04-11T13:12:31.962000,1775913151962,ETHUSDT,2232.64,0.001,BUY,False
2907606945,2026-04-11T13:12:31.962000,1775913151962,ETHUSDT,2232.65,0.225,BUY,False
2907606946,2026-04-11T13:12:32.012000,1775913152012,ETHUSDT,2232.64,11.305,SELL,True
2907606947,2026-04-11T13:12:32.195000,1775913152195,ETHUSDT,2232.65,20.0,BUY,False
2907606948,2026-04-11T13:12:32.212000,1775913152212,ETHUSDT,2232.64,3.033,SELL,True
2907606949,2026-04-11T13:12:32.399000,1775913152399,ETHUSDT,2232.64,7.0,SELL,True
2907606950,2026-04-11T13:12:32.417000,1775913152417,ETHUSDT,2232.65,2.128,BUY,False
2907606951,2026-04-11T13:12:32.497000,1775913152497,ETHUSDT,2232.64,0.11,SELL,True
2907606952,2026-04-11T13:12:32.627000,1775913152627,ETHUSDT,2232.64,8.91,SELL,True
2907606953,2026-04-11T13:12:32.711000,1775913152711,ETHUSDT,2232.65,0.283,BUY,False
2907606954,2026-04-11T13:12:32.865000,1775913152865,ETHUSDT,2232.65,0.894,BUY,False
2907606955,2026-04-11T13:12:32.878000,1775913152878,ETHUSDT,2232.66,0.02,BUY,False
2907606956,2026-04-11T13:12:32.878000,1775913152878,ETHUSDT,2232.67,0.019,BUY,False
2907606957,2026-04-11T13:12:32.878000,1775913152878,ETHUSDT,2232.68,0.001,BUY,False
2907606958,2026-04-11T13:12:32.878000,1775913152878,ETHUSDT,2232.69,0.012,BUY,False
2907606959,2026-04-11T13:12:32.879000,1775913152879,ETHUSDT,2232.7,0.024,BUY,False
2907606960,2026-04-11T13:12:32.881000,1775913152881,ETHUSDT,2232.71,0.022,BUY,False
2907606961,2026-04-11T13:12:32.881000,1775913152881,ETHUSDT,2232.72,0.202,BUY,False
2907606962,2026-04-11T13:12:32.881000,1775913152881,ETHUSDT,2232.73,0.03,BUY,False
2907606963,2026-04-11T13:12:32.881000,1775913152881,ETHUSDT,2232.74,0.01,BUY,False
2907606964,2026-04-11T13:12:32.881000,1775913152881,ETHUSDT,2232.75,0.029,BUY,False
2907606965,2026-04-11T13:12:32.885000,1775913152885,ETHUSDT,2232.76,5.761,BUY,False
2907606966,2026-04-11T13:12:32.987000,1775913152987,ETHUSDT,2232.76,5.0,BUY,False
2907606967,2026-04-11T13:12:33.084000,1775913153084,ETHUSDT,2232.75,0.032,SELL,True
2907606968,2026-04-11T13:12:33.085000,1775913153085,ETHUSDT,2232.76,1.251,BUY,False
2907606969,2026-04-11T13:12:33.145000,1775913153145,ETHUSDT,2232.75,12.735,SELL,True
2907606970,2026-04-11T13:12:33.167000,1775913153167,ETHUSDT,2232.76,3.13,BUY,False
2907606971,2026-04-11T13:12:33.319000,1775913153319,ETHUSDT,2232.75,1.0,SELL,True
2907606972,2026-04-11T13:12:33.370000,1775913153370,ETHUSDT,2232.76,8.846,BUY,False
2907606973,2026-04-11T13:12:33.401000,1775913153401,ETHUSDT,2232.77,0.009,BUY,False
2907606974,2026-04-11T13:12:33.401000,1775913153401,ETHUSDT,2232.78,0.029,BUY,False
2907606975,2026-04-11T13:12:33.425000,1775913153425,ETHUSDT,2232.78,0.111,SELL,True
2907606976,2026-04-11T13:12:33.451000,1775913153451,ETHUSDT,2232.79,1.0,BUY,False
2907606977,2026-04-11T13:12:33.485000,1775913153485,ETHUSDT,2232.78,1.243,SELL,True
2907606978,2026-04-11T13:12:33.624000,1775913153624,ETHUSDT,2232.79,4.478,BUY,False
