agg_trade_id,timestamp_utc,timestamp_ms,symbol,price,quantity,side,is_buyer_maker
2907522748,2026-04-11T09:17:56.469000,1775899076469,ETHUSDT,2246.63,4.022,BUY,False
2907522749,2026-04-11T09:17:56.469000,1775899076469,ETHUSDT,2246.64,0.009,BUY,False
2907522750,2026-04-11T09:17:56.469000,1775899076469,ETHUSDT,2246.65,0.012,BUY,False
2907522751,2026-04-11T09:17:56.469000,1775899076469,ETHUSDT,2246.67,5.123,BUY,False
2907522752,2026-04-11T09:17:56.469000,1775899076469,ETHUSDT,2246.68,0.043,BUY,False
2907522753,2026-04-11T09:17:56.469000,1775899076469,ETHUSDT,2246.7,0.01,BUY,False
2907522754,2026-04-11T09:17:56.469000,1775899076469,ETHUSDT,2246.71,0.011,BUY,False
2907522755,2026-04-11T09:17:56.469000,1775899076469,ETHUSDT,2246.72,0.001,BUY,False
2907522756,2026-04-11T09:17:56.469000,1775899076469,ETHUSDT,2246.73,0.009,BUY,False
2907522757,2026-04-11T09:17:56.469000,1775899076469,ETHUSDT,2246.74,0.022,BUY,False
2907522758,2026-04-11T09:17:56.469000,1775899076469,ETHUSDT,2246.75,0.009,BUY,False
2907522759,2026-04-11T09:17:56.469000,1775899076469,ETHUSDT,2246.77,0.021,BUY,False
2907522760,2026-04-11T09:17:56.469000,1775899076469,ETHUSDT,2246.79,1.83,BUY,False
2907522761,2026-04-11T09:17:56.469000,1775899076469,ETHUSDT,2246.8,0.011,BUY,False
2907522762,2026-04-11T09:17:56.470000,1775899076470,ETHUSDT,2246.81,0.001,BUY,False
2907522763,2026-04-11T09:17:56.470000,1775899076470,ETHUSDT,2246.82,0.009,BUY,False
2907522764,2026-04-11T09:17:56.470000,1775899076470,ETHUSDT,2246.83,0.012,BUY,False
2907522765,2026-04-11T09:17:56.470000,1775899076470,ETHUSDT,2246.86,0.021,BUY,False
2907522766,2026-04-11T09:17:56.470000,1775899076470,ETHUSDT,2246.88,0.001,BUY,False
2907522767,2026-04-11T09:17:56.470000,1775899076470,ETHUSDT,2246.89,0.011,BUY,False
2907522768,2026-04-11T09:17:56.470000,1775899076470,ETHUSDT,2246.9,0.001,BUY,False
2907522769,2026-04-11T09:17:56.470000,1775899076470,ETHUSDT,2246.92,0.012,BUY,False
2907522770,2026-04-11T09:17:56.470000,1775899076470,ETHUSDT,2246.95,0.011,BUY,False
2907522771,2026-04-11T09:17:56.470000,1775899076470,ETHUSDT,2246.97,0.001,BUY,False
2907522772,2026-04-11T09:17:56.470000,1775899076470,ETHUSDT,2246.98,0.011,BUY,False
2907522773,2026-04-11T09:17:56.470000,1775899076470,ETHUSDT,2246.99,1.831,BUY,False
2907522774,2026-04-11T09:17:56.470000,1775899076470,ETHUSDT,2247.0,120.638,BUY,False
2907522775,2026-04-11T09:17:56.470000,1775899076470,ETHUSDT,2246.57,10.154,SELL,True
2907522776,2026-04-11T09:17:56.470000,1775899076470,ETHUSDT,2246.54,0.92,SELL,True
2907522777,2026-04-11T09:17:56.470000,1775899076470,ETHUSDT,2246.95,0.001,BUY,False
2907522778,2026-04-11T09:17:56.470000,1775899076470,ETHUSDT,2247.0,6.754,BUY,False
2907522779,2026-04-11T09:17:56.470000,1775899076470,ETHUSDT,2246.54,0.296,SELL,True
2907522780,2026-04-11T09:17:56.470000,1775899076470,ETHUSDT,2247.0,7.125,BUY,False
2907522781,2026-04-11T09:17:56.470000,1775899076470,ETHUSDT,2246.99,6.01,SELL,True
2907522782,2026-04-11T09:17:56.470000,1775899076470,ETHUSDT,2246.57,0.327,SELL,True
2907522783,2026-04-11T09:17:56.470000,1775899076470,ETHUSDT,2246.99,0.584,SELL,True
2907522784,2026-04-11T09:17:56.470000,1775899076470,ETHUSDT,2246.57,0.173,SELL,True
2907522785,2026-04-11T09:17:56.470000,1775899076470,ETHUSDT,2247.0,0.121,BUY,False
2907522786,2026-04-11T09:17:56.470000,1775899076470,ETHUSDT,2246.57,2.801,SELL,True
2907522787,2026-04-11T09:17:56.470000,1775899076470,ETHUSDT,2247.0,0.009,BUY,False
2907522788,2026-04-11T09:17:56.470000,1775899076470,ETHUSDT,2247.01,0.013,BUY,False
2907522789,2026-04-11T09:17:56.470000,1775899076470,ETHUSDT,2247.02,0.382,BUY,False
2907522790,2026-04-11T09:17:56.470000,1775899076470,ETHUSDT,2247.03,0.108,BUY,False
2907522791,2026-04-11T09:17:56.470000,1775899076470,ETHUSDT,2247.04,0.225,BUY,False
2907522792,2026-04-11T09:17:56.470000,1775899076470,ETHUSDT,2247.05,0.129,BUY,False
2907522793,2026-04-11T09:17:56.470000,1775899076470,ETHUSDT,2247.06,0.03,BUY,False
2907522794,2026-04-11T09:17:56.470000,1775899076470,ETHUSDT,2247.07,7.517,BUY,False
2907522795,2026-04-11T09:17:56.470000,1775899076470,ETHUSDT,2247.08,0.197,BUY,False
2907522796,2026-04-11T09:17:56.470000,1775899076470,ETHUSDT,2247.09,0.989,BUY,False
2907522797,2026-04-11T09:17:56.470000,1775899076470,ETHUSDT,2247.0,3.0,SELL,True
2907522798,2026-04-11T09:17:56.471000,1775899076471,ETHUSDT,2247.09,3.173,BUY,False
2907522799,2026-04-11T09:17:56.471000,1775899076471,ETHUSDT,2247.1,0.036,BUY,False
2907522800,2026-04-11T09:17:56.471000,1775899076471,ETHUSDT,2247.11,0.123,BUY,False
2907522801,2026-04-11T09:17:56.471000,1775899076471,ETHUSDT,2247.12,0.155,BUY,False
2907522802,2026-04-11T09:17:56.471000,1775899076471,ETHUSDT,2247.13,0.127,BUY,False
2907522803,2026-04-11T09:17:56.471000,1775899076471,ETHUSDT,2247.14,0.674,BUY,False
2907522804,2026-04-11T09:17:56.471000,1775899076471,ETHUSDT,2247.15,1.066,BUY,False
2907522805,2026-04-11T09:17:56.471000,1775899076471,ETHUSDT,2247.16,0.066,BUY,False
2907522806,2026-04-11T09:17:56.471000,1775899076471,ETHUSDT,2247.17,1.345,BUY,False
2907522807,2026-04-11T09:17:56.471000,1775899076471,ETHUSDT,2247.18,0.295,BUY,False
2907522808,2026-04-11T09:17:56.471000,1775899076471,ETHUSDT,2247.19,8.128,BUY,False
2907522809,2026-04-11T09:17:56.471000,1775899076471,ETHUSDT,2247.0,0.447,SELL,True
2907522810,2026-04-11T09:17:56.471000,1775899076471,ETHUSDT,2247.19,1.0,BUY,False
2907522811,2026-04-11T09:17:56.471000,1775899076471,ETHUSDT,2247.0,2.003,SELL,True
2907522812,2026-04-11T09:17:56.471000,1775899076471,ETHUSDT,2247.19,0.47,BUY,False
2907522813,2026-04-11T09:17:56.471000,1775899076471,ETHUSDT,2247.0,9.848,SELL,True
2907522814,2026-04-11T09:17:56.471000,1775899076471,ETHUSDT,2246.99,4.152,SELL,True
2907522815,2026-04-11T09:17:56.474000,1775899076474,ETHUSDT,2247.04,3.01,SELL,True
2907522816,2026-04-11T09:17:56.474000,1775899076474,ETHUSDT,2247.05,0.117,BUY,False
2907522817,2026-04-11T09:17:56.474000,1775899076474,ETHUSDT,2247.04,3.01,SELL,True
2907522818,2026-04-11T09:17:56.475000,1775899076475,ETHUSDT,2247.05,30.689,BUY,False
2907522819,2026-04-11T09:17:56.475000,1775899076475,ETHUSDT,2247.04,4.0,SELL,True
2907522820,2026-04-11T09:17:56.475000,1775899076475,ETHUSDT,2247.05,6.756,BUY,False
2907522821,2026-04-11T09:17:56.475000,1775899076475,ETHUSDT,2247.04,0.01,SELL,True
2907522822,2026-04-11T09:17:56.475000,1775899076475,ETHUSDT,2247.05,2.143,BUY,False
2907522823,2026-04-11T09:17:56.475000,1775899076475,ETHUSDT,2247.04,0.151,SELL,True
2907522824,2026-04-11T09:17:56.475000,1775899076475,ETHUSDT,2247.05,4.482,BUY,False
2907522825,2026-04-11T09:17:56.476000,1775899076476,ETHUSDT,2247.04,21.139,SELL,True
2907522826,2026-04-11T09:17:56.476000,1775899076476,ETHUSDT,2247.05,1.629,BUY,False
2907522827,2026-04-11T09:17:56.476000,1775899076476,ETHUSDT,2247.06,0.011,BUY,False
2907522828,2026-04-11T09:17:56.476000,1775899076476,ETHUSDT,2247.07,0.011,BUY,False
2907522829,2026-04-11T09:17:56.476000,1775899076476,ETHUSDT,2247.08,0.131,BUY,False
2907522830,2026-04-11T09:17:56.476000,1775899076476,ETHUSDT,2247.04,30.85,SELL,True
2907522831,2026-04-11T09:17:56.476000,1775899076476,ETHUSDT,2247.05,5.937,BUY,False
2907522832,2026-04-11T09:17:56.476000,1775899076476,ETHUSDT,2247.08,4.1,BUY,False
2907522833,2026-04-11T09:17:56.476000,1775899076476,ETHUSDT,2247.04,0.066,SELL,True
2907522834,2026-04-11T09:17:56.476000,1775899076476,ETHUSDT,2247.08,0.526,BUY,False
2907522835,2026-04-11T09:17:56.476000,1775899076476,ETHUSDT,2247.04,7.05,SELL,True
2907522836,2026-04-11T09:17:56.476000,1775899076476,ETHUSDT,2247.02,0.011,SELL,True
2907522837,2026-04-11T09:17:56.476000,1775899076476,ETHUSDT,2247.01,0.063,SELL,True
2907522838,2026-04-11T09:17:56.477000,1775899076477,ETHUSDT,2246.99,0.454,SELL,True
2907522839,2026-04-11T09:17:56.477000,1775899076477,ETHUSDT,2247.06,1.46,BUY,False
2907522840,2026-04-11T09:17:56.477000,1775899076477,ETHUSDT,2246.99,0.066,SELL,True
2907522841,2026-04-11T09:17:56.477000,1775899076477,ETHUSDT,2247.0,2.011,BUY,False
2907522842,2026-04-11T09:17:56.477000,1775899076477,ETHUSDT,2246.97,0.009,SELL,True
2907522843,2026-04-11T09:17:56.477000,1775899076477,ETHUSDT,2246.96,0.011,SELL,True
2907522844,2026-04-11T09:17:56.477000,1775899076477,ETHUSDT,2246.93,0.011,SELL,True
2907522845,2026-04-11T09:17:56.477000,1775899076477,ETHUSDT,2246.92,0.021,SELL,True
2907522846,2026-04-11T09:17:56.477000,1775899076477,ETHUSDT,2246.9,0.011,SELL,True
2907522847,2026-04-11T09:17:56.477000,1775899076477,ETHUSDT,2246.86,0.02,SELL,True
2907522848,2026-04-11T09:17:56.477000,1775899076477,ETHUSDT,2246.83,0.011,SELL,True
2907522849,2026-04-11T09:17:56.477000,1775899076477,ETHUSDT,2246.8,0.009,SELL,True
2907522850,2026-04-11T09:17:56.477000,1775899076477,ETHUSDT,2246.78,0.011,SELL,True
2907522851,2026-04-11T09:17:56.477000,1775899076477,ETHUSDT,2246.76,0.009,SELL,True
2907522852,2026-04-11T09:17:56.477000,1775899076477,ETHUSDT,2246.75,0.02,SELL,True
2907522853,2026-04-11T09:17:56.477000,1775899076477,ETHUSDT,2246.72,0.011,SELL,True
2907522854,2026-04-11T09:17:56.477000,1775899076477,ETHUSDT,2246.71,0.009,SELL,True
2907522855,2026-04-11T09:17:56.477000,1775899076477,ETHUSDT,2246.7,1.837,SELL,True
2907522856,2026-04-11T09:17:56.477000,1775899076477,ETHUSDT,2246.99,0.142,BUY,False
2907522857,2026-04-11T09:17:56.480000,1775899076480,ETHUSDT,2246.97,0.168,SELL,True
2907522858,2026-04-11T09:17:56.480000,1775899076480,ETHUSDT,2246.96,0.018,SELL,True
2907522859,2026-04-11T09:17:56.483000,1775899076483,ETHUSDT,2246.97,0.09,BUY,False
2907522860,2026-04-11T09:17:56.484000,1775899076484,ETHUSDT,2246.96,5.674,SELL,True
2907522861,2026-04-11T09:17:56.484000,1775899076484,ETHUSDT,2246.92,0.001,SELL,True
2907522862,2026-04-11T09:17:56.484000,1775899076484,ETHUSDT,2246.9,0.012,SELL,True
2907522863,2026-04-11T09:17:56.484000,1775899076484,ETHUSDT,2246.87,0.024,SELL,True
2907522864,2026-04-11T09:17:56.484000,1775899076484,ETHUSDT,2246.86,0.009,SELL,True
2907522865,2026-04-11T09:17:56.484000,1775899076484,ETHUSDT,2246.85,0.001,SELL,True
2907522866,2026-04-11T09:17:56.484000,1775899076484,ETHUSDT,2246.84,0.021,SELL,True
2907522867,2026-04-11T09:17:56.484000,1775899076484,ETHUSDT,2246.83,0.001,SELL,True
2907522868,2026-04-11T09:17:56.484000,1775899076484,ETHUSDT,2246.81,0.012,SELL,True
2907522869,2026-04-11T09:17:56.484000,1775899076484,ETHUSDT,2246.8,0.009,SELL,True
2907522870,2026-04-11T09:17:56.484000,1775899076484,ETHUSDT,2246.78,0.012,SELL,True
2907522871,2026-04-11T09:17:56.484000,1775899076484,ETHUSDT,2246.77,0.02,SELL,True
2907522872,2026-04-11T09:17:56.484000,1775899076484,ETHUSDT,2246.76,0.022,SELL,True
2907522873,2026-04-11T09:17:56.484000,1775899076484,ETHUSDT,2246.75,0.02,SELL,True
2907522874,2026-04-11T09:17:56.484000,1775899076484,ETHUSDT,2246.74,0.001,SELL,True
2907522875,2026-04-11T09:17:56.484000,1775899076484,ETHUSDT,2246.72,0.012,SELL,True
2907522876,2026-04-11T09:17:56.484000,1775899076484,ETHUSDT,2246.71,0.018,SELL,True
2907522877,2026-04-11T09:17:56.484000,1775899076484,ETHUSDT,2246.7,0.03,SELL,True
2907522878,2026-04-11T09:17:56.484000,1775899076484,ETHUSDT,2246.69,0.034,SELL,True
2907522879,2026-04-11T09:17:56.484000,1775899076484,ETHUSDT,2246.68,0.014,SELL,True
2907522880,2026-04-11T09:17:56.484000,1775899076484,ETHUSDT,2246.67,0.01,SELL,True
2907522881,2026-04-11T09:17:56.484000,1775899076484,ETHUSDT,2246.66,0.011,SELL,True
2907522882,2026-04-11T09:17:56.484000,1775899076484,ETHUSDT,2246.65,0.001,SELL,True
2907522883,2026-04-11T09:17:56.484000,1775899076484,ETHUSDT,2246.64,0.021,SELL,True
2907522884,2026-04-11T09:17:56.484000,1775899076484,ETHUSDT,2246.63,1.185,SELL,True
2907522885,2026-04-11T09:17:56.484000,1775899076484,ETHUSDT,2246.62,0.009,SELL,True
2907522886,2026-04-11T09:17:56.484000,1775899076484,ETHUSDT,2246.6,0.001,SELL,True
2907522887,2026-04-11T09:17:56.484000,1775899076484,ETHUSDT,2246.59,0.011,SELL,True
2907522888,2026-04-11T09:17:56.484000,1775899076484,ETHUSDT,2246.58,0.446,SELL,True
2907522889,2026-04-11T09:17:56.484000,1775899076484,ETHUSDT,2246.57,0.014,SELL,True
2907522890,2026-04-11T09:17:56.484000,1775899076484,ETHUSDT,2246.56,0.012,SELL,True
2907522891,2026-04-11T09:17:56.484000,1775899076484,ETHUSDT,2246.54,0.015,SELL,True
2907522892,2026-04-11T09:17:56.484000,1775899076484,ETHUSDT,2246.53,0.018,SELL,True
2907522893,2026-04-11T09:17:56.484000,1775899076484,ETHUSDT,2246.52,0.052,SELL,True
2907522894,2026-04-11T09:17:56.484000,1775899076484,ETHUSDT,2246.51,0.02,SELL,True
2907522895,2026-04-11T09:17:56.484000,1775899076484,ETHUSDT,2246.5,2.692,SELL,True
2907522896,2026-04-11T09:17:56.485000,1775899076485,ETHUSDT,2246.49,0.021,SELL,True
2907522897,2026-04-11T09:17:56.485000,1775899076485,ETHUSDT,2246.47,0.001,SELL,True
2907522898,2026-04-11T09:17:56.485000,1775899076485,ETHUSDT,2246.46,0.011,SELL,True
2907522899,2026-04-11T09:17:56.485000,1775899076485,ETHUSDT,2246.45,0.001,SELL,True
2907522900,2026-04-11T09:17:56.485000,1775899076485,ETHUSDT,2246.44,0.009,SELL,True
2907522901,2026-04-11T09:17:56.485000,1775899076485,ETHUSDT,2246.43,0.916,SELL,True
2907522902,2026-04-11T09:17:56.485000,1775899076485,ETHUSDT,2246.42,0.009,SELL,True
2907522903,2026-04-11T09:17:56.485000,1775899076485,ETHUSDT,2246.41,0.676,SELL,True
2907522904,2026-04-11T09:17:56.485000,1775899076485,ETHUSDT,2246.73,0.01,SELL,True
2907522905,2026-04-11T09:17:56.485000,1775899076485,ETHUSDT,2246.41,0.168,SELL,True
2907522906,2026-04-11T09:17:56.488000,1775899076488,ETHUSDT,2246.52,0.467,BUY,False
2907522907,2026-04-11T09:17:56.511000,1775899076511,ETHUSDT,2246.51,7.337,SELL,True
2907522908,2026-04-11T09:17:56.640000,1775899076640,ETHUSDT,2246.51,1.5,SELL,True
2907522909,2026-04-11T09:17:56.737000,1775899076737,ETHUSDT,2246.52,0.066,BUY,False
2907522910,2026-04-11T09:17:56.761000,1775899076761,ETHUSDT,2246.51,2.742,SELL,True
2907522911,2026-04-11T09:17:56.881000,1775899076881,ETHUSDT,2246.51,0.015,SELL,True
2907522912,2026-04-11T09:17:56.924000,1775899076924,ETHUSDT,2246.52,5.492,BUY,False
2907522913,2026-04-11T09:17:57.033000,1775899077033,ETHUSDT,2246.51,0.019,SELL,True
2907522914,2026-04-11T09:17:57.049000,1775899077049,ETHUSDT,2246.52,0.031,BUY,False
2907522915,2026-04-11T09:17:57.063000,1775899077063,ETHUSDT,2246.51,23.608,SELL,True
2907522916,2026-04-11T09:17:57.065000,1775899077065,ETHUSDT,2246.52,2.0,BUY,False
2907522917,2026-04-11T09:17:57.096000,1775899077096,ETHUSDT,2246.51,6.147,SELL,True
2907522918,2026-04-11T09:17:57.118000,1775899077118,ETHUSDT,2246.52,0.494,BUY,False
2907522919,2026-04-11T09:17:57.146000,1775899077146,ETHUSDT,2246.51,0.053,SELL,True
2907522920,2026-04-11T09:17:57.188000,1775899077188,ETHUSDT,2246.52,2.238,BUY,False
2907522921,2026-04-11T09:17:57.209000,1775899077209,ETHUSDT,2246.51,35.063,SELL,True
2907522922,2026-04-11T09:17:57.297000,1775899077297,ETHUSDT,2246.52,5.114,BUY,False
2907522923,2026-04-11T09:17:57.420000,1775899077420,ETHUSDT,2246.51,6.939,SELL,True
2907522924,2026-04-11T09:17:57.551000,1775899077551,ETHUSDT,2246.52,8.0,BUY,False
2907522925,2026-04-11T09:17:57.552000,1775899077552,ETHUSDT,2246.51,0.04,SELL,True
2907522926,2026-04-11T09:17:57.604000,1775899077604,ETHUSDT,2246.52,0.077,BUY,False
2907522927,2026-04-11T09:17:57.632000,1775899077632,ETHUSDT,2246.51,0.466,SELL,True
2907522928,2026-04-11T09:17:57.678000,1775899077678,ETHUSDT,2246.52,21.805,BUY,False
2907522929,2026-04-11T09:17:57.737000,1775899077737,ETHUSDT,2246.51,3.211,SELL,True
2907522930,2026-04-11T09:17:57.885000,1775899077885,ETHUSDT,2246.52,0.183,BUY,False
2907522931,2026-04-11T09:17:57.914000,1775899077914,ETHUSDT,2246.51,0.089,SELL,True
2907522932,2026-04-11T09:17:58.021000,1775899078021,ETHUSDT,2246.52,4.099,BUY,False
2907522933,2026-04-11T09:17:58.071000,1775899078071,ETHUSDT,2246.51,0.3,SELL,True
2907522934,2026-04-11T09:17:58.076000,1775899078076,ETHUSDT,2246.52,25.839,BUY,False
2907522935,2026-04-11T09:17:58.104000,1775899078104,ETHUSDT,2246.51,3.685,SELL,True
2907522936,2026-04-11T09:17:58.209000,1775899078209,ETHUSDT,2246.52,58.124,BUY,False
2907522937,2026-04-11T09:17:58.289000,1775899078289,ETHUSDT,2246.53,0.037,BUY,False
2907522938,2026-04-11T09:17:58.289000,1775899078289,ETHUSDT,2246.54,0.01,BUY,False
2907522939,2026-04-11T09:17:58.289000,1775899078289,ETHUSDT,2246.55,0.022,BUY,False
2907522940,2026-04-11T09:17:58.289000,1775899078289,ETHUSDT,2246.57,0.047,BUY,False
2907522941,2026-04-11T09:17:58.289000,1775899078289,ETHUSDT,2246.58,1.02,BUY,False
2907522942,2026-04-11T09:17:58.289000,1775899078289,ETHUSDT,2246.59,0.118,BUY,False
2907522943,2026-04-11T09:17:58.289000,1775899078289,ETHUSDT,2246.61,0.041,BUY,False
2907522944,2026-04-11T09:17:58.289000,1775899078289,ETHUSDT,2246.62,0.001,BUY,False
2907522945,2026-04-11T09:17:58.289000,1775899078289,ETHUSDT,2246.63,0.3,BUY,False
2907522946,2026-04-11T09:17:58.289000,1775899078289,ETHUSDT,2246.64,4.507,BUY,False
2907522947,2026-04-11T09:17:58.289000,1775899078289,ETHUSDT,2246.65,14.002,BUY,False
2907522948,2026-04-11T09:17:58.289000,1775899078289,ETHUSDT,2246.66,4.69,BUY,False
2907522949,2026-04-11T09:17:58.289000,1775899078289,ETHUSDT,2246.67,1.083,BUY,False
2907522950,2026-04-11T09:17:58.289000,1775899078289,ETHUSDT,2246.68,0.001,BUY,False
2907522951,2026-04-11T09:17:58.289000,1775899078289,ETHUSDT,2246.69,0.029,BUY,False
2907522952,2026-04-11T09:17:58.289000,1775899078289,ETHUSDT,2246.7,0.037,BUY,False
2907522953,2026-04-11T09:17:58.289000,1775899078289,ETHUSDT,2246.71,4.87,BUY,False
2907522954,2026-04-11T09:17:58.292000,1775899078292,ETHUSDT,2246.52,0.012,BUY,False
2907522955,2026-04-11T09:17:58.311000,1775899078311,ETHUSDT,2246.51,0.115,SELL,True
2907522956,2026-04-11T09:17:58.405000,1775899078405,ETHUSDT,2246.52,35.516,BUY,False
2907522957,2026-04-11T09:17:58.405000,1775899078405,ETHUSDT,2246.53,0.036,BUY,False
2907522958,2026-04-11T09:17:58.405000,1775899078405,ETHUSDT,2246.55,0.012,BUY,False
2907522959,2026-04-11T09:17:58.405000,1775899078405,ETHUSDT,2246.57,0.019,BUY,False
2907522960,2026-04-11T09:17:58.405000,1775899078405,ETHUSDT,2246.58,0.011,BUY,False
2907522961,2026-04-11T09:17:58.405000,1775899078405,ETHUSDT,2246.59,0.019,BUY,False
2907522962,2026-04-11T09:17:58.405000,1775899078405,ETHUSDT,2246.61,0.023,BUY,False
2907522963,2026-04-11T09:17:58.405000,1775899078405,ETHUSDT,2246.62,0.001,BUY,False
2907522964,2026-04-11T09:17:58.405000,1775899078405,ETHUSDT,2246.63,0.014,BUY,False
2907522965,2026-04-11T09:17:58.405000,1775899078405,ETHUSDT,2246.64,0.039,BUY,False
2907522966,2026-04-11T09:17:58.405000,1775899078405,ETHUSDT,2246.65,15.725,BUY,False
2907522967,2026-04-11T09:17:58.405000,1775899078405,ETHUSDT,2246.66,4.676,BUY,False
2907522968,2026-04-11T09:17:58.405000,1775899078405,ETHUSDT,2246.67,1.17,BUY,False
2907522969,2026-04-11T09:17:58.405000,1775899078405,ETHUSDT,2246.68,0.019,BUY,False
2907522970,2026-04-11T09:17:58.405000,1775899078405,ETHUSDT,2246.7,0.249,BUY,False
2907522971,2026-04-11T09:17:58.405000,1775899078405,ETHUSDT,2246.71,0.015,BUY,False
2907522972,2026-04-11T09:17:58.405000,1775899078405,ETHUSDT,2246.72,0.011,BUY,False
2907522973,2026-04-11T09:17:58.405000,1775899078405,ETHUSDT,2246.73,0.057,BUY,False
2907522974,2026-04-11T09:17:58.405000,1775899078405,ETHUSDT,2246.74,0.018,BUY,False
2907522975,2026-04-11T09:17:58.405000,1775899078405,ETHUSDT,2246.75,0.072,BUY,False
2907522976,2026-04-11T09:17:58.405000,1775899078405,ETHUSDT,2246.76,0.062,BUY,False
2907522977,2026-04-11T09:17:58.405000,1775899078405,ETHUSDT,2246.77,0.136,BUY,False
2907522978,2026-04-11T09:17:58.405000,1775899078405,ETHUSDT,2246.78,5.749,BUY,False
2907522979,2026-04-11T09:17:58.405000,1775899078405,ETHUSDT,2246.79,0.119,BUY,False
2907522980,2026-04-11T09:17:58.405000,1775899078405,ETHUSDT,2246.8,9.82,BUY,False
2907522981,2026-04-11T09:17:58.405000,1775899078405,ETHUSDT,2246.81,6.132,BUY,False
2907522982,2026-04-11T09:17:58.405000,1775899078405,ETHUSDT,2246.82,2.01,BUY,False
2907522983,2026-04-11T09:17:58.405000,1775899078405,ETHUSDT,2246.83,5.118,BUY,False
2907522984,2026-04-11T09:17:58.405000,1775899078405,ETHUSDT,2246.84,1.01,BUY,False
2907522985,2026-04-11T09:17:58.405000,1775899078405,ETHUSDT,2246.85,0.155,BUY,False
2907522986,2026-04-11T09:17:58.408000,1775899078408,ETHUSDT,2246.55,0.058,BUY,False
2907522987,2026-04-11T09:17:58.453000,1775899078453,ETHUSDT,2246.54,0.084,SELL,True
2907522988,2026-04-11T09:17:58.497000,1775899078497,ETHUSDT,2246.55,0.559,BUY,False
2907522989,2026-04-11T09:17:58.527000,1775899078527,ETHUSDT,2246.54,0.089,SELL,True
2907522990,2026-04-11T09:17:58.548000,1775899078548,ETHUSDT,2246.55,0.594,BUY,False
2907522991,2026-04-11T09:17:58.566000,1775899078566,ETHUSDT,2246.54,0.625,SELL,True
2907522992,2026-04-11T09:17:58.681000,1775899078681,ETHUSDT,2246.54,1.731,SELL,True
2907522993,2026-04-11T09:17:58.761000,1775899078761,ETHUSDT,2246.55,1.424,BUY,False
2907522994,2026-04-11T09:17:58.768000,1775899078768,ETHUSDT,2246.54,1.311,SELL,True
2907522995,2026-04-11T09:17:58.951000,1775899078951,ETHUSDT,2246.55,1.787,BUY,False
2907522996,2026-04-11T09:17:58.965000,1775899078965,ETHUSDT,2246.54,33.795,SELL,True
2907522997,2026-04-11T09:17:59.006000,1775899079006,ETHUSDT,2246.53,0.065,SELL,True
2907522998,2026-04-11T09:17:59.006000,1775899079006,ETHUSDT,2246.51,7.476,SELL,True
2907522999,2026-04-11T09:17:59.006000,1775899079006,ETHUSDT,2246.5,0.012,SELL,True
2907523000,2026-04-11T09:17:59.006000,1775899079006,ETHUSDT,2246.49,0.232,SELL,True
2907523001,2026-04-11T09:17:59.006000,1775899079006,ETHUSDT,2246.48,0.029,SELL,True
2907523002,2026-04-11T09:17:59.007000,1775899079007,ETHUSDT,2246.47,0.354,SELL,True
2907523003,2026-04-11T09:17:59.007000,1775899079007,ETHUSDT,2246.46,0.029,SELL,True
2907523004,2026-04-11T09:17:59.007000,1775899079007,ETHUSDT,2246.44,0.039,SELL,True
2907523005,2026-04-11T09:17:59.007000,1775899079007,ETHUSDT,2246.43,0.25,SELL,True
2907523006,2026-04-11T09:17:59.007000,1775899079007,ETHUSDT,2246.42,0.04,SELL,True
2907523007,2026-04-11T09:17:59.007000,1775899079007,ETHUSDT,2246.41,0.031,SELL,True
2907523008,2026-04-11T09:17:59.007000,1775899079007,ETHUSDT,2246.4,3.922,SELL,True
2907523009,2026-04-11T09:17:59.007000,1775899079007,ETHUSDT,2246.39,24.624,SELL,True
2907523010,2026-04-11T09:17:59.007000,1775899079007,ETHUSDT,2246.38,0.019,SELL,True
2907523011,2026-04-11T09:17:59.007000,1775899079007,ETHUSDT,2246.36,0.042,SELL,True
2907523012,2026-04-11T09:17:59.007000,1775899079007,ETHUSDT,2246.35,0.141,SELL,True
2907523013,2026-04-11T09:17:59.007000,1775899079007,ETHUSDT,2246.34,0.019,SELL,True
2907523014,2026-04-11T09:17:59.007000,1775899079007,ETHUSDT,2246.33,0.099,SELL,True
2907523015,2026-04-11T09:17:59.007000,1775899079007,ETHUSDT,2246.32,0.919,SELL,True
2907523016,2026-04-11T09:17:59.007000,1775899079007,ETHUSDT,2246.31,0.067,SELL,True
2907523017,2026-04-11T09:17:59.007000,1775899079007,ETHUSDT,2246.3,0.052,SELL,True
2907523018,2026-04-11T09:17:59.007000,1775899079007,ETHUSDT,2246.29,0.462,SELL,True
2907523019,2026-04-11T09:17:59.007000,1775899079007,ETHUSDT,2246.28,0.765,SELL,True
2907523020,2026-04-11T09:17:59.007000,1775899079007,ETHUSDT,2246.27,2.551,SELL,True
2907523021,2026-04-11T09:17:59.007000,1775899079007,ETHUSDT,2246.26,1.141,SELL,True
2907523022,2026-04-11T09:17:59.007000,1775899079007,ETHUSDT,2246.25,0.032,SELL,True
2907523023,2026-04-11T09:17:59.007000,1775899079007,ETHUSDT,2246.24,11.019,SELL,True
2907523024,2026-04-11T09:17:59.007000,1775899079007,ETHUSDT,2246.22,2.952,SELL,True
2907523025,2026-04-11T09:17:59.007000,1775899079007,ETHUSDT,2246.21,0.085,SELL,True
2907523026,2026-04-11T09:17:59.007000,1775899079007,ETHUSDT,2246.2,1.62,SELL,True
2907523027,2026-04-11T09:17:59.007000,1775899079007,ETHUSDT,2246.19,6.14,SELL,True
2907523028,2026-04-11T09:17:59.007000,1775899079007,ETHUSDT,2246.18,10.438,SELL,True
2907523029,2026-04-11T09:17:59.007000,1775899079007,ETHUSDT,2246.17,5.406,SELL,True
2907523030,2026-04-11T09:17:59.007000,1775899079007,ETHUSDT,2246.16,0.783,SELL,True
2907523031,2026-04-11T09:17:59.007000,1775899079007,ETHUSDT,2246.15,15.39,SELL,True
2907523032,2026-04-11T09:17:59.007000,1775899079007,ETHUSDT,2246.14,0.018,SELL,True
2907523033,2026-04-11T09:17:59.007000,1775899079007,ETHUSDT,2246.13,0.181,SELL,True
2907523034,2026-04-11T09:17:59.007000,1775899079007,ETHUSDT,2246.12,0.02,SELL,True
2907523035,2026-04-11T09:17:59.007000,1775899079007,ETHUSDT,2246.11,10.703,SELL,True
2907523036,2026-04-11T09:17:59.007000,1775899079007,ETHUSDT,2246.1,0.048,SELL,True
2907523037,2026-04-11T09:17:59.007000,1775899079007,ETHUSDT,2246.09,10.964,SELL,True
2907523038,2026-04-11T09:17:59.007000,1775899079007,ETHUSDT,2246.08,8.649,SELL,True
2907523039,2026-04-11T09:17:59.007000,1775899079007,ETHUSDT,2246.07,24.31,SELL,True
2907523040,2026-04-11T09:17:59.007000,1775899079007,ETHUSDT,2246.06,16.142,SELL,True
2907523041,2026-04-11T09:17:59.007000,1775899079007,ETHUSDT,2246.05,6.484,SELL,True
2907523042,2026-04-11T09:17:59.007000,1775899079007,ETHUSDT,2246.04,0.086,SELL,True
2907523043,2026-04-11T09:17:59.007000,1775899079007,ETHUSDT,2246.03,5.265,SELL,True
2907523044,2026-04-11T09:17:59.007000,1775899079007,ETHUSDT,2246.02,0.271,SELL,True
2907523045,2026-04-11T09:17:59.007000,1775899079007,ETHUSDT,2246.01,6.678,SELL,True
2907523046,2026-04-11T09:17:59.007000,1775899079007,ETHUSDT,2246.0,3.09,SELL,True
2907523047,2026-04-11T09:17:59.007000,1775899079007,ETHUSDT,2245.99,0.232,SELL,True
2907523048,2026-04-11T09:17:59.007000,1775899079007,ETHUSDT,2245.98,13.406,SELL,True
2907523049,2026-04-11T09:17:59.007000,1775899079007,ETHUSDT,2245.97,11.551,SELL,True
2907523050,2026-04-11T09:17:59.007000,1775899079007,ETHUSDT,2245.96,0.845,SELL,True
2907523051,2026-04-11T09:17:59.007000,1775899079007,ETHUSDT,2245.95,0.078,SELL,True
2907523052,2026-04-11T09:17:59.007000,1775899079007,ETHUSDT,2245.94,7.904,SELL,True
2907523053,2026-04-11T09:17:59.007000,1775899079007,ETHUSDT,2245.93,0.126,SELL,True
2907523054,2026-04-11T09:17:59.007000,1775899079007,ETHUSDT,2245.92,5.092,SELL,True
2907523055,2026-04-11T09:17:59.007000,1775899079007,ETHUSDT,2245.91,26.125,SELL,True
2907523056,2026-04-11T09:17:59.007000,1775899079007,ETHUSDT,2245.9,0.467,SELL,True
2907523057,2026-04-11T09:17:59.011000,1775899079011,ETHUSDT,2246.38,132.409,SELL,True
2907523058,2026-04-11T09:17:59.017000,1775899079017,ETHUSDT,2246.35,0.074,SELL,True
2907523059,2026-04-11T09:17:59.034000,1775899079034,ETHUSDT,2246.36,0.147,BUY,False
2907523060,2026-04-11T09:17:59.051000,1775899079051,ETHUSDT,2246.35,0.081,SELL,True
2907523061,2026-04-11T09:17:59.051000,1775899079051,ETHUSDT,2246.34,0.021,SELL,True
2907523062,2026-04-11T09:17:59.051000,1775899079051,ETHUSDT,2246.33,0.001,SELL,True
2907523063,2026-04-11T09:17:59.051000,1775899079051,ETHUSDT,2246.31,0.01,SELL,True
2907523064,2026-04-11T09:17:59.051000,1775899079051,ETHUSDT,2246.3,0.018,SELL,True
2907523065,2026-04-11T09:17:59.051000,1775899079051,ETHUSDT,2246.29,0.012,SELL,True
2907523066,2026-04-11T09:17:59.051000,1775899079051,ETHUSDT,2246.28,0.019,SELL,True
2907523067,2026-04-11T09:17:59.051000,1775899079051,ETHUSDT,2246.26,0.011,SELL,True
2907523068,2026-04-11T09:17:59.051000,1775899079051,ETHUSDT,2246.24,0.001,SELL,True
2907523069,2026-04-11T09:17:59.051000,1775899079051,ETHUSDT,2246.23,0.023,SELL,True
2907523070,2026-04-11T09:17:59.055000,1775899079055,ETHUSDT,2246.2,0.304,SELL,True
2907523071,2026-04-11T09:17:59.060000,1775899079060,ETHUSDT,2246.21,0.178,BUY,False
2907523072,2026-04-11T09:17:59.073000,1775899079073,ETHUSDT,2246.2,13.393,SELL,True
2907523073,2026-04-11T09:17:59.085000,1775899079085,ETHUSDT,2246.21,0.12,BUY,False
2907523074,2026-04-11T09:17:59.099000,1775899079099,ETHUSDT,2246.2,0.143,SELL,True
2907523075,2026-04-11T09:17:59.101000,1775899079101,ETHUSDT,2246.21,0.156,BUY,False
2907523076,2026-04-11T09:17:59.160000,1775899079160,ETHUSDT,2246.2,0.089,SELL,True
2907523077,2026-04-11T09:17:59.183000,1775899079183,ETHUSDT,2246.21,24.937,BUY,False
2907523078,2026-04-11T09:17:59.193000,1775899079193,ETHUSDT,2246.2,2.257,SELL,True
2907523079,2026-04-11T09:17:59.343000,1775899079343,ETHUSDT,2246.21,0.782,BUY,False
2907523080,2026-04-11T09:17:59.448000,1775899079448,ETHUSDT,2246.2,0.074,SELL,True
2907523081,2026-04-11T09:17:59.461000,1775899079461,ETHUSDT,2246.21,4.503,BUY,False
2907523082,2026-04-11T09:17:59.491000,1775899079491,ETHUSDT,2246.2,0.109,SELL,True
2907523083,2026-04-11T09:17:59.599000,1775899079599,ETHUSDT,2246.21,3.377,BUY,False
2907523084,2026-04-11T09:17:59.608000,1775899079608,ETHUSDT,2246.2,42.308,SELL,True
2907523085,2026-04-11T09:17:59.696000,1775899079696,ETHUSDT,2246.19,0.021,SELL,True
2907523086,2026-04-11T09:17:59.699000,1775899079699,ETHUSDT,2246.18,0.289,SELL,True
2907523087,2026-04-11T09:17:59.699000,1775899079699,ETHUSDT,2246.17,0.011,SELL,True
2907523088,2026-04-11T09:17:59.699000,1775899079699,ETHUSDT,2246.16,0.333,SELL,True
2907523089,2026-04-11T09:17:59.699000,1775899079699,ETHUSDT,2246.15,0.037,SELL,True
2907523090,2026-04-11T09:17:59.834000,1775899079834,ETHUSDT,2246.14,0.465,SELL,True
2907523091,2026-04-11T09:17:59.834000,1775899079834,ETHUSDT,2246.13,0.088,SELL,True
2907523092,2026-04-11T09:17:59.834000,1775899079834,ETHUSDT,2246.11,0.012,SELL,True
2907523093,2026-04-11T09:17:59.834000,1775899079834,ETHUSDT,2246.1,0.011,SELL,True
2907523094,2026-04-11T09:17:59.836000,1775899079836,ETHUSDT,2246.09,0.37,SELL,True
2907523095,2026-04-11T09:17:59.855000,1775899079855,ETHUSDT,2246.08,0.031,SELL,True
2907523096,2026-04-11T09:17:59.855000,1775899079855,ETHUSDT,2246.07,0.011,SELL,True
2907523097,2026-04-11T09:17:59.855000,1775899079855,ETHUSDT,2246.06,0.012,SELL,True
2907523098,2026-04-11T09:17:59.855000,1775899079855,ETHUSDT,2246.05,0.033,SELL,True
2907523099,2026-04-11T09:17:59.855000,1775899079855,ETHUSDT,2246.04,0.001,SELL,True
2907523100,2026-04-11T09:17:59.855000,1775899079855,ETHUSDT,2246.02,0.03,SELL,True
2907523101,2026-04-11T09:17:59.855000,1775899079855,ETHUSDT,2246.01,0.019,SELL,True
2907523102,2026-04-11T09:17:59.855000,1775899079855,ETHUSDT,2245.99,0.051,SELL,True
2907523103,2026-04-11T09:17:59.855000,1775899079855,ETHUSDT,2245.98,0.023,SELL,True
2907523104,2026-04-11T09:17:59.861000,1775899079861,ETHUSDT,2245.97,9.0,SELL,True
2907523105,2026-04-11T09:17:59.861000,1775899079861,ETHUSDT,2245.96,0.021,SELL,True
2907523106,2026-04-11T09:17:59.863000,1775899079863,ETHUSDT,2245.95,0.06,SELL,True
2907523107,2026-04-11T09:17:59.868000,1775899079868,ETHUSDT,2245.93,0.078,SELL,True
2907523108,2026-04-11T09:17:59.874000,1775899079874,ETHUSDT,2245.92,0.048,SELL,True
2907523109,2026-04-11T09:17:59.887000,1775899079887,ETHUSDT,2245.91,0.3,SELL,True
2907523110,2026-04-11T09:17:59.888000,1775899079888,ETHUSDT,2245.92,2.545,BUY,False
2907523111,2026-04-11T09:17:59.888000,1775899079888,ETHUSDT,2245.91,3.0,SELL,True
2907523112,2026-04-11T09:17:59.911000,1775899079911,ETHUSDT,2245.92,0.722,BUY,False
2907523113,2026-04-11T09:18:00.014000,1775899080014,ETHUSDT,2245.91,0.268,SELL,True
2907523114,2026-04-11T09:18:00.017000,1775899080017,ETHUSDT,2245.9,10.253,SELL,True
2907523115,2026-04-11T09:18:00.036000,1775899080036,ETHUSDT,2245.89,0.982,SELL,True
2907523116,2026-04-11T09:18:00.037000,1775899080037,ETHUSDT,2245.9,0.457,BUY,False
2907523117,2026-04-11T09:18:00.038000,1775899080038,ETHUSDT,2245.89,0.009,SELL,True
2907523118,2026-04-11T09:18:00.040000,1775899080040,ETHUSDT,2245.87,0.027,SELL,True
2907523119,2026-04-11T09:18:00.040000,1775899080040,ETHUSDT,2245.85,0.047,SELL,True
2907523120,2026-04-11T09:18:00.040000,1775899080040,ETHUSDT,2245.84,0.024,SELL,True
2907523121,2026-04-11T09:18:00.040000,1775899080040,ETHUSDT,2245.83,0.001,SELL,True
2907523122,2026-04-11T09:18:00.040000,1775899080040,ETHUSDT,2245.82,0.09,SELL,True
2907523123,2026-04-11T09:18:00.040000,1775899080040,ETHUSDT,2245.81,0.001,SELL,True
2907523124,2026-04-11T09:18:00.046000,1775899080046,ETHUSDT,2245.8,0.286,SELL,True
2907523125,2026-04-11T09:18:00.048000,1775899080048,ETHUSDT,2245.81,0.137,BUY,False
2907523126,2026-04-11T09:18:00.082000,1775899080082,ETHUSDT,2245.8,2.212,SELL,True
2907523127,2026-04-11T09:18:00.138000,1775899080138,ETHUSDT,2245.81,0.45,BUY,False
2907523128,2026-04-11T09:18:00.176000,1775899080176,ETHUSDT,2245.8,0.867,SELL,True
2907523129,2026-04-11T09:18:00.185000,1775899080185,ETHUSDT,2245.79,0.47,SELL,True
2907523130,2026-04-11T09:18:00.192000,1775899080192,ETHUSDT,2245.76,0.381,SELL,True
2907523131,2026-04-11T09:18:00.192000,1775899080192,ETHUSDT,2245.77,0.062,BUY,False
2907523132,2026-04-11T09:18:00.193000,1775899080193,ETHUSDT,2245.76,0.011,SELL,True
2907523133,2026-04-11T09:18:00.193000,1775899080193,ETHUSDT,2245.75,0.028,SELL,True
2907523134,2026-04-11T09:18:00.193000,1775899080193,ETHUSDT,2245.74,0.002,SELL,True
2907523135,2026-04-11T09:18:00.193000,1775899080193,ETHUSDT,2245.73,0.031,SELL,True
2907523136,2026-04-11T09:18:00.193000,1775899080193,ETHUSDT,2245.72,0.005,SELL,True
2907523137,2026-04-11T09:18:00.197000,1775899080197,ETHUSDT,2245.71,0.163,SELL,True
2907523138,2026-04-11T09:18:00.197000,1775899080197,ETHUSDT,2245.7,0.021,SELL,True
2907523139,2026-04-11T09:18:00.200000,1775899080200,ETHUSDT,2245.68,0.321,SELL,True
2907523140,2026-04-11T09:18:00.206000,1775899080206,ETHUSDT,2245.69,1.01,BUY,False
2907523141,2026-04-11T09:18:00.219000,1775899080219,ETHUSDT,2245.68,0.082,SELL,True
2907523142,2026-04-11T09:18:00.311000,1775899080311,ETHUSDT,2245.69,0.415,BUY,False
2907523143,2026-04-11T09:18:00.366000,1775899080366,ETHUSDT,2245.68,32.892,SELL,True
2907523144,2026-04-11T09:18:00.490000,1775899080490,ETHUSDT,2245.68,1.954,SELL,True
2907523145,2026-04-11T09:18:00.537000,1775899080537,ETHUSDT,2245.69,0.089,BUY,False
2907523146,2026-04-11T09:18:00.539000,1775899080539,ETHUSDT,2245.68,0.022,SELL,True
2907523147,2026-04-11T09:18:00.551000,1775899080551,ETHUSDT,2245.69,13.5,BUY,False
2907523148,2026-04-11T09:18:00.577000,1775899080577,ETHUSDT,2245.68,0.501,SELL,True
2907523149,2026-04-11T09:18:00.613000,1775899080613,ETHUSDT,2245.69,2.536,BUY,False
2907523150,2026-04-11T09:18:00.617000,1775899080617,ETHUSDT,2245.68,0.269,SELL,True
2907523151,2026-04-11T09:18:00.657000,1775899080657,ETHUSDT,2245.69,0.023,BUY,False
2907523152,2026-04-11T09:18:00.682000,1775899080682,ETHUSDT,2245.68,0.223,SELL,True
2907523153,2026-04-11T09:18:00.734000,1775899080734,ETHUSDT,2245.69,49.692,BUY,False
2907523154,2026-04-11T09:18:00.759000,1775899080759,ETHUSDT,2245.7,1.619,BUY,False
2907523155,2026-04-11T09:18:00.799000,1775899080799,ETHUSDT,2245.72,0.056,BUY,False
2907523156,2026-04-11T09:18:00.799000,1775899080799,ETHUSDT,2245.73,0.002,BUY,False
2907523157,2026-04-11T09:18:00.801000,1775899080801,ETHUSDT,2245.74,0.019,BUY,False
2907523158,2026-04-11T09:18:00.801000,1775899080801,ETHUSDT,2245.75,0.031,BUY,False
2907523159,2026-04-11T09:18:00.804000,1775899080804,ETHUSDT,2245.76,0.295,BUY,False
2907523160,2026-04-11T09:18:00.811000,1775899080811,ETHUSDT,2245.77,0.009,BUY,False
2907523161,2026-04-11T09:18:00.811000,1775899080811,ETHUSDT,2245.78,0.012,BUY,False
2907523162,2026-04-11T09:18:00.811000,1775899080811,ETHUSDT,2245.79,0.019,BUY,False
2907523163,2026-04-11T09:18:00.811000,1775899080811,ETHUSDT,2245.8,0.029,BUY,False
2907523164,2026-04-11T09:18:00.811000,1775899080811,ETHUSDT,2245.81,0.106,BUY,False
2907523165,2026-04-11T09:18:00.815000,1775899080815,ETHUSDT,2245.82,0.257,BUY,False
2907523166,2026-04-11T09:18:00.867000,1775899080867,ETHUSDT,2245.81,1.122,SELL,True
2907523167,2026-04-11T09:18:00.947000,1775899080947,ETHUSDT,2245.82,8.07,BUY,False
2907523168,2026-04-11T09:18:00.968000,1775899080968,ETHUSDT,2245.81,1.854,SELL,True
2907523169,2026-04-11T09:18:01.067000,1775899081067,ETHUSDT,2245.82,0.055,BUY,False
2907523170,2026-04-11T09:18:01.068000,1775899081068,ETHUSDT,2245.81,0.133,SELL,True
2907523171,2026-04-11T09:18:01.116000,1775899081116,ETHUSDT,2245.82,0.629,BUY,False
2907523172,2026-04-11T09:18:01.117000,1775899081117,ETHUSDT,2245.81,3.421,SELL,True
2907523173,2026-04-11T09:18:01.241000,1775899081241,ETHUSDT,2245.81,0.381,SELL,True
2907523174,2026-04-11T09:18:01.284000,1775899081284,ETHUSDT,2245.82,0.1,BUY,False
2907523175,2026-04-11T09:18:01.332000,1775899081332,ETHUSDT,2245.81,9.569,SELL,True
2907523176,2026-04-11T09:18:01.334000,1775899081334,ETHUSDT,2245.82,1.644,BUY,False
2907523177,2026-04-11T09:18:01.395000,1775899081395,ETHUSDT,2245.81,5.534,SELL,True
2907523178,2026-04-11T09:18:01.592000,1775899081592,ETHUSDT,2245.82,1.006,BUY,False
2907523179,2026-04-11T09:18:01.620000,1775899081620,ETHUSDT,2245.81,7.1,SELL,True
2907523180,2026-04-11T09:18:01.721000,1775899081721,ETHUSDT,2245.81,0.022,SELL,True
2907523181,2026-04-11T09:18:01.735000,1775899081735,ETHUSDT,2245.82,5.0,BUY,False
2907523182,2026-04-11T09:18:01.764000,1775899081764,ETHUSDT,2245.81,0.124,SELL,True
2907523183,2026-04-11T09:18:01.787000,1775899081787,ETHUSDT,2245.82,0.214,BUY,False
2907523184,2026-04-11T09:18:01.899000,1775899081899,ETHUSDT,2245.81,3.321,SELL,True
2907523185,2026-04-11T09:18:01.904000,1775899081904,ETHUSDT,2245.82,0.123,BUY,False
2907523186,2026-04-11T09:18:01.994000,1775899081994,ETHUSDT,2245.81,7.794,SELL,True
2907523187,2026-04-11T09:18:02.221000,1775899082221,ETHUSDT,2245.81,1.807,SELL,True
2907523188,2026-04-11T09:18:02.230000,1775899082230,ETHUSDT,2245.8,0.087,SELL,True
2907523189,2026-04-11T09:18:02.230000,1775899082230,ETHUSDT,2245.78,0.001,SELL,True
2907523190,2026-04-11T09:18:02.230000,1775899082230,ETHUSDT,2245.78,0.071,BUY,False
2907523191,2026-04-11T09:18:02.233000,1775899082233,ETHUSDT,2245.77,0.193,SELL,True
2907523192,2026-04-11T09:18:02.260000,1775899082260,ETHUSDT,2245.78,1.0,BUY,False
2907523193,2026-04-11T09:18:02.371000,1775899082371,ETHUSDT,2245.77,5.3,SELL,True
2907523194,2026-04-11T09:18:02.482000,1775899082482,ETHUSDT,2245.77,1.509,SELL,True
2907523195,2026-04-11T09:18:02.511000,1775899082511,ETHUSDT,2245.78,3.338,BUY,False
2907523196,2026-04-11T09:18:02.565000,1775899082565,ETHUSDT,2245.77,0.025,SELL,True
2907523197,2026-04-11T09:18:02.577000,1775899082577,ETHUSDT,2245.78,0.788,BUY,False
2907523198,2026-04-11T09:18:02.711000,1775899082711,ETHUSDT,2245.77,0.568,SELL,True
2907523199,2026-04-11T09:18:02.719000,1775899082719,ETHUSDT,2245.78,3.892,BUY,False
2907523200,2026-04-11T09:18:02.792000,1775899082792,ETHUSDT,2245.77,7.85,SELL,True
2907523201,2026-04-11T09:18:02.834000,1775899082834,ETHUSDT,2245.78,6.957,BUY,False
2907523202,2026-04-11T09:18:02.974000,1775899082974,ETHUSDT,2245.77,0.234,SELL,True
2907523203,2026-04-11T09:18:02.983000,1775899082983,ETHUSDT,2245.78,0.166,BUY,False
2907523204,2026-04-11T09:18:03.051000,1775899083051,ETHUSDT,2245.77,1.43,SELL,True
2907523205,2026-04-11T09:18:03.078000,1775899083078,ETHUSDT,2245.78,9.732,BUY,False
2907523206,2026-04-11T09:18:03.132000,1775899083132,ETHUSDT,2245.77,0.065,SELL,True
2907523207,2026-04-11T09:18:03.282000,1775899083282,ETHUSDT,2245.78,0.085,BUY,False
2907523208,2026-04-11T09:18:03.282000,1775899083282,ETHUSDT,2245.77,0.028,SELL,True
2907523209,2026-04-11T09:18:03.309000,1775899083309,ETHUSDT,2245.78,0.222,BUY,False
2907523210,2026-04-11T09:18:03.360000,1775899083360,ETHUSDT,2245.77,4.16,SELL,True
2907523211,2026-04-11T09:18:03.395000,1775899083395,ETHUSDT,2245.78,0.154,BUY,False
2907523212,2026-04-11T09:18:03.412000,1775899083412,ETHUSDT,2245.77,3.943,SELL,True
2907523213,2026-04-11T09:18:03.467000,1775899083467,ETHUSDT,2245.78,0.311,BUY,False
2907523214,2026-04-11T09:18:03.467000,1775899083467,ETHUSDT,2245.77,1.0,SELL,True
2907523215,2026-04-11T09:18:03.482000,1775899083482,ETHUSDT,2245.78,3.544,BUY,False
2907523216,2026-04-11T09:18:03.535000,1775899083535,ETHUSDT,2245.77,0.026,SELL,True
2907523217,2026-04-11T09:18:03.553000,1775899083553,ETHUSDT,2245.78,10.37,BUY,False
2907523218,2026-04-11T09:18:03.715000,1775899083715,ETHUSDT,2245.77,16.16,SELL,True
2907523219,2026-04-11T09:18:03.734000,1775899083734,ETHUSDT,2245.76,0.029,SELL,True
2907523220,2026-04-11T09:18:03.734000,1775899083734,ETHUSDT,2245.75,0.041,SELL,True
2907523221,2026-04-11T09:18:03.734000,1775899083734,ETHUSDT,2245.74,0.012,SELL,True
2907523222,2026-04-11T09:18:03.734000,1775899083734,ETHUSDT,2245.73,0.001,SELL,True
2907523223,2026-04-11T09:18:03.734000,1775899083734,ETHUSDT,2245.72,0.111,SELL,True
2907523224,2026-04-11T09:18:03.734000,1775899083734,ETHUSDT,2245.71,0.012,SELL,True
2907523225,2026-04-11T09:18:03.734000,1775899083734,ETHUSDT,2245.7,0.011,SELL,True
2907523226,2026-04-11T09:18:03.734000,1775899083734,ETHUSDT,2245.69,0.031,SELL,True
2907523227,2026-04-11T09:18:03.735000,1775899083735,ETHUSDT,2245.68,0.01,SELL,True
2907523228,2026-04-11T09:18:03.735000,1775899083735,ETHUSDT,2245.67,0.02,SELL,True
2907523229,2026-04-11T09:18:03.735000,1775899083735,ETHUSDT,2245.66,6.985,SELL,True
2907523230,2026-04-11T09:18:03.735000,1775899083735,ETHUSDT,2245.65,0.055,SELL,True
2907523231,2026-04-11T09:18:03.735000,1775899083735,ETHUSDT,2245.64,0.346,SELL,True
2907523232,2026-04-11T09:18:03.735000,1775899083735,ETHUSDT,2245.63,0.027,SELL,True
2907523233,2026-04-11T09:18:03.735000,1775899083735,ETHUSDT,2245.62,0.333,SELL,True
2907523234,2026-04-11T09:18:03.735000,1775899083735,ETHUSDT,2245.61,0.046,SELL,True
2907523235,2026-04-11T09:18:03.735000,1775899083735,ETHUSDT,2245.6,3.855,SELL,True
2907523236,2026-04-11T09:18:03.735000,1775899083735,ETHUSDT,2245.59,5.161,SELL,True
2907523237,2026-04-11T09:18:03.735000,1775899083735,ETHUSDT,2245.58,0.101,SELL,True
2907523238,2026-04-11T09:18:03.735000,1775899083735,ETHUSDT,2245.57,2.048,SELL,True
2907523239,2026-04-11T09:18:03.735000,1775899083735,ETHUSDT,2245.56,13.012,SELL,True
2907523240,2026-04-11T09:18:03.735000,1775899083735,ETHUSDT,2245.55,0.125,SELL,True
2907523241,2026-04-11T09:18:03.735000,1775899083735,ETHUSDT,2245.54,0.703,SELL,True
2907523242,2026-04-11T09:18:03.735000,1775899083735,ETHUSDT,2245.53,1.812,SELL,True
2907523243,2026-04-11T09:18:03.735000,1775899083735,ETHUSDT,2245.52,4.343,SELL,True
2907523244,2026-04-11T09:18:03.739000,1775899083739,ETHUSDT,2245.55,137.379,SELL,True
2907523245,2026-04-11T09:18:03.827000,1775899083827,ETHUSDT,2245.54,10.404,SELL,True
2907523246,2026-04-11T09:18:03.872000,1775899083872,ETHUSDT,2245.53,0.02,SELL,True
2907523247,2026-04-11T09:18:03.872000,1775899083872,ETHUSDT,2245.52,0.011,SELL,True
2907523248,2026-04-11T09:18:03.872000,1775899083872,ETHUSDT,2245.51,0.01,SELL,True
2907523249,2026-04-11T09:18:03.872000,1775899083872,ETHUSDT,2245.5,0.012,SELL,True
2907523250,2026-04-11T09:18:03.876000,1775899083876,ETHUSDT,2245.49,46.391,SELL,True
2907523251,2026-04-11T09:18:03.921000,1775899083921,ETHUSDT,2245.5,0.046,BUY,False
2907523252,2026-04-11T09:18:03.952000,1775899083952,ETHUSDT,2245.49,0.047,SELL,True
2907523253,2026-04-11T09:18:04.054000,1775899084054,ETHUSDT,2245.49,0.027,SELL,True
2907523254,2026-04-11T09:18:04.173000,1775899084173,ETHUSDT,2245.49,6.631,SELL,True
2907523255,2026-04-11T09:18:04.174000,1775899084174,ETHUSDT,2245.5,0.222,BUY,False
2907523256,2026-04-11T09:18:04.176000,1775899084176,ETHUSDT,2245.49,0.372,SELL,True
2907523257,2026-04-11T09:18:04.176000,1775899084176,ETHUSDT,2245.48,0.089,SELL,True
2907523258,2026-04-11T09:18:04.180000,1775899084180,ETHUSDT,2245.47,0.267,SELL,True
2907523259,2026-04-11T09:18:04.195000,1775899084195,ETHUSDT,2245.46,0.04,SELL,True
2907523260,2026-04-11T09:18:04.195000,1775899084195,ETHUSDT,2245.45,0.343,SELL,True
2907523261,2026-04-11T09:18:04.197000,1775899084197,ETHUSDT,2245.44,0.019,SELL,True
2907523262,2026-04-11T09:18:04.200000,1775899084200,ETHUSDT,2245.43,0.027,SELL,True
2907523263,2026-04-11T09:18:04.200000,1775899084200,ETHUSDT,2245.42,0.029,SELL,True
2907523264,2026-04-11T09:18:04.219000,1775899084219,ETHUSDT,2245.41,0.072,SELL,True
2907523265,2026-04-11T09:18:04.219000,1775899084219,ETHUSDT,2245.4,0.04,SELL,True
2907523266,2026-04-11T09:18:04.219000,1775899084219,ETHUSDT,2245.39,0.021,SELL,True
2907523267,2026-04-11T09:18:04.219000,1775899084219,ETHUSDT,2245.38,0.019,SELL,True
2907523268,2026-04-11T09:18:04.219000,1775899084219,ETHUSDT,2245.37,0.01,SELL,True
2907523269,2026-04-11T09:18:04.219000,1775899084219,ETHUSDT,2245.36,0.052,SELL,True
2907523270,2026-04-11T09:18:04.219000,1775899084219,ETHUSDT,2245.35,0.029,SELL,True
2907523271,2026-04-11T09:18:04.219000,1775899084219,ETHUSDT,2245.34,0.001,SELL,True
2907523272,2026-04-11T09:18:04.219000,1775899084219,ETHUSDT,2245.33,0.033,SELL,True
2907523273,2026-04-11T09:18:04.224000,1775899084224,ETHUSDT,2245.32,4.107,SELL,True
2907523274,2026-04-11T09:18:04.352000,1775899084352,ETHUSDT,2245.32,1.094,SELL,True
2907523275,2026-04-11T09:18:04.524000,1775899084524,ETHUSDT,2245.33,5.65,BUY,False
2907523276,2026-04-11T09:18:04.525000,1775899084525,ETHUSDT,2245.32,10.024,SELL,True
2907523277,2026-04-11T09:18:04.657000,1775899084657,ETHUSDT,2245.32,1.321,SELL,True
2907523278,2026-04-11T09:18:04.662000,1775899084662,ETHUSDT,2245.31,0.031,SELL,True
2907523279,2026-04-11T09:18:04.747000,1775899084747,ETHUSDT,2245.3,0.057,SELL,True
2907523280,2026-04-11T09:18:04.789000,1775899084789,ETHUSDT,2245.31,2.057,BUY,False
2907523281,2026-04-11T09:18:04.812000,1775899084812,ETHUSDT,2245.3,0.338,SELL,True
2907523282,2026-04-11T09:18:04.915000,1775899084915,ETHUSDT,2245.3,2.367,SELL,True
2907523283,2026-04-11T09:18:04.981000,1775899084981,ETHUSDT,2245.31,1.14,BUY,False
2907523284,2026-04-11T09:18:04.981000,1775899084981,ETHUSDT,2245.32,0.027,BUY,False
2907523285,2026-04-11T09:18:04.981000,1775899084981,ETHUSDT,2245.33,3.248,BUY,False
2907523286,2026-04-11T09:18:05.092000,1775899085092,ETHUSDT,2245.33,2.3,SELL,True
2907523287,2026-04-11T09:18:05.171000,1775899085171,ETHUSDT,2245.34,1.816,BUY,False
2907523288,2026-04-11T09:18:05.237000,1775899085237,ETHUSDT,2245.33,19.13,SELL,True
2907523289,2026-04-11T09:18:05.295000,1775899085295,ETHUSDT,2245.34,0.28,BUY,False
2907523290,2026-04-11T09:18:05.303000,1775899085303,ETHUSDT,2245.33,4.324,SELL,True
2907523291,2026-04-11T09:18:05.306000,1775899085306,ETHUSDT,2245.34,0.847,BUY,False
2907523292,2026-04-11T09:18:05.309000,1775899085309,ETHUSDT,2245.33,0.249,SELL,True
2907523293,2026-04-11T09:18:05.417000,1775899085417,ETHUSDT,2245.34,0.077,BUY,False
2907523294,2026-04-11T09:18:05.427000,1775899085427,ETHUSDT,2245.33,0.019,SELL,True
2907523295,2026-04-11T09:18:05.451000,1775899085451,ETHUSDT,2245.34,0.104,BUY,False
2907523296,2026-04-11T09:18:05.459000,1775899085459,ETHUSDT,2245.33,0.074,SELL,True
2907523297,2026-04-11T09:18:05.464000,1775899085464,ETHUSDT,2245.34,0.139,BUY,False
2907523298,2026-04-11T09:18:05.495000,1775899085495,ETHUSDT,2245.33,1.375,SELL,True
2907523299,2026-04-11T09:18:05.561000,1775899085561,ETHUSDT,2245.34,0.907,BUY,False
2907523300,2026-04-11T09:18:05.566000,1775899085566,ETHUSDT,2245.33,1.849,SELL,True
2907523301,2026-04-11T09:18:05.927000,1775899085927,ETHUSDT,2245.33,24.642,SELL,True
2907523302,2026-04-11T09:18:06.042000,1775899086042,ETHUSDT,2245.33,1.987,SELL,True
2907523303,2026-04-11T09:18:06.181000,1775899086181,ETHUSDT,2245.34,0.269,BUY,False
2907523304,2026-04-11T09:18:06.182000,1775899086182,ETHUSDT,2245.33,8.089,SELL,True
2907523305,2026-04-11T09:18:06.290000,1775899086290,ETHUSDT,2245.33,67.905,SELL,True
2907523306,2026-04-11T09:18:06.292000,1775899086292,ETHUSDT,2245.32,0.529,SELL,True
2907523307,2026-04-11T09:18:06.326000,1775899086326,ETHUSDT,2245.33,3.0,BUY,False
2907523308,2026-04-11T09:18:06.336000,1775899086336,ETHUSDT,2245.32,5.019,SELL,True
2907523309,2026-04-11T09:18:06.446000,1775899086446,ETHUSDT,2245.33,2.1,BUY,False
2907523310,2026-04-11T09:18:06.719000,1775899086719,ETHUSDT,2245.33,1.011,BUY,False
2907523311,2026-04-11T09:18:06.791000,1775899086791,ETHUSDT,2245.32,6.343,SELL,True
2907523312,2026-04-11T09:18:07.004000,1775899087004,ETHUSDT,2245.32,0.441,SELL,True
2907523313,2026-04-11T09:18:07.017000,1775899087017,ETHUSDT,2245.31,0.02,SELL,True
2907523314,2026-04-11T09:18:07.017000,1775899087017,ETHUSDT,2245.3,0.652,SELL,True
2907523315,2026-04-11T09:18:07.017000,1775899087017,ETHUSDT,2245.29,0.061,SELL,True
2907523316,2026-04-11T09:18:07.017000,1775899087017,ETHUSDT,2245.28,0.356,SELL,True
2907523317,2026-04-11T09:18:07.017000,1775899087017,ETHUSDT,2245.27,0.399,SELL,True
2907523318,2026-04-11T09:18:07.017000,1775899087017,ETHUSDT,2245.26,0.011,SELL,True
2907523319,2026-04-11T09:18:07.118000,1775899087118,ETHUSDT,2245.26,1.075,BUY,False
2907523320,2026-04-11T09:18:07.125000,1775899087125,ETHUSDT,2245.25,0.844,SELL,True
2907523321,2026-04-11T09:18:07.186000,1775899087186,ETHUSDT,2245.24,0.03,SELL,True
2907523322,2026-04-11T09:18:07.186000,1775899087186,ETHUSDT,2245.23,0.023,SELL,True
2907523323,2026-04-11T09:18:07.186000,1775899087186,ETHUSDT,2245.22,0.021,SELL,True
2907523324,2026-04-11T09:18:07.186000,1775899087186,ETHUSDT,2245.21,0.024,SELL,True
2907523325,2026-04-11T09:18:07.186000,1775899087186,ETHUSDT,2245.2,0.029,SELL,True
2907523326,2026-04-11T09:18:07.186000,1775899087186,ETHUSDT,2245.19,0.012,SELL,True
2907523327,2026-04-11T09:18:07.186000,1775899087186,ETHUSDT,2245.18,0.001,SELL,True
2907523328,2026-04-11T09:18:07.186000,1775899087186,ETHUSDT,2245.17,0.002,SELL,True
2907523329,2026-04-11T09:18:07.186000,1775899087186,ETHUSDT,2245.16,2.596,SELL,True
2907523330,2026-04-11T09:18:07.186000,1775899087186,ETHUSDT,2245.15,0.039,SELL,True
2907523331,2026-04-11T09:18:07.187000,1775899087187,ETHUSDT,2245.15,8.165,BUY,False
2907523332,2026-04-11T09:18:07.193000,1775899087193,ETHUSDT,2245.14,0.154,SELL,True
2907523333,2026-04-11T09:18:07.268000,1775899087268,ETHUSDT,2245.15,31.598,BUY,False
2907523334,2026-04-11T09:18:07.268000,1775899087268,ETHUSDT,2245.16,0.01,BUY,False
2907523335,2026-04-11T09:18:07.271000,1775899087271,ETHUSDT,2245.17,0.001,BUY,False
2907523336,2026-04-11T09:18:07.271000,1775899087271,ETHUSDT,2245.19,0.009,BUY,False
2907523337,2026-04-11T09:18:07.307000,1775899087307,ETHUSDT,2245.19,8.072,SELL,True
2907523338,2026-04-11T09:18:07.417000,1775899087417,ETHUSDT,2245.19,69.183,SELL,True
2907523339,2026-04-11T09:18:07.561000,1775899087561,ETHUSDT,2245.2,3.089,BUY,False
2907523340,2026-04-11T09:18:07.728000,1775899087728,ETHUSDT,2245.19,2.151,SELL,True
2907523341,2026-04-11T09:18:07.852000,1775899087852,ETHUSDT,2245.19,0.014,SELL,True
2907523342,2026-04-11T09:18:07.920000,1775899087920,ETHUSDT,2245.2,0.012,BUY,False
2907523343,2026-04-11T09:18:07.922000,1775899087922,ETHUSDT,2245.19,13.598,SELL,True
2907523344,2026-04-11T09:18:08.039000,1775899088039,ETHUSDT,2245.19,0.556,SELL,True
2907523345,2026-04-11T09:18:08.115000,1775899088115,ETHUSDT,2245.2,0.169,BUY,False
2907523346,2026-04-11T09:18:08.137000,1775899088137,ETHUSDT,2245.19,5.163,SELL,True
2907523347,2026-04-11T09:18:08.264000,1775899088264,ETHUSDT,2245.19,0.356,SELL,True
2907523348,2026-04-11T09:18:08.369000,1775899088369,ETHUSDT,2245.19,0.12,SELL,True
2907523349,2026-04-11T09:18:08.454000,1775899088454,ETHUSDT,2245.2,0.024,BUY,False
2907523350,2026-04-11T09:18:08.470000,1775899088470,ETHUSDT,2245.19,1.627,SELL,True
2907523351,2026-04-11T09:18:08.607000,1775899088607,ETHUSDT,2245.19,0.026,SELL,True
2907523352,2026-04-11T09:18:08.677000,1775899088677,ETHUSDT,2245.2,0.134,BUY,False
2907523353,2026-04-11T09:18:08.693000,1775899088693,ETHUSDT,2245.19,0.095,SELL,True
2907523354,2026-04-11T09:18:08.700000,1775899088700,ETHUSDT,2245.2,3.378,BUY,False
2907523355,2026-04-11T09:18:08.727000,1775899088727,ETHUSDT,2245.19,1.026,SELL,True
2907523356,2026-04-11T09:18:08.988000,1775899088988,ETHUSDT,2245.19,14.327,SELL,True
2907523357,2026-04-11T09:18:09.018000,1775899089018,ETHUSDT,2245.2,2.0,BUY,False
2907523358,2026-04-11T09:18:09.170000,1775899089170,ETHUSDT,2245.19,8.411,SELL,True
2907523359,2026-04-11T09:18:09.268000,1775899089268,ETHUSDT,2245.2,86.544,BUY,False
2907523360,2026-04-11T09:18:09.356000,1775899089356,ETHUSDT,2245.19,0.331,SELL,True
2907523361,2026-04-11T09:18:09.422000,1775899089422,ETHUSDT,2245.2,0.445,BUY,False
2907523362,2026-04-11T09:18:09.425000,1775899089425,ETHUSDT,2245.19,10.0,SELL,True
2907523363,2026-04-11T09:18:09.535000,1775899089535,ETHUSDT,2245.2,0.284,BUY,False
2907523364,2026-04-11T09:18:09.560000,1775899089560,ETHUSDT,2245.19,8.011,SELL,True
2907523365,2026-04-11T09:18:09.707000,1775899089707,ETHUSDT,2245.19,0.678,SELL,True
2907523366,2026-04-11T09:18:09.902000,1775899089902,ETHUSDT,2245.2,1.511,BUY,False
2907523367,2026-04-11T09:18:09.992000,1775899089992,ETHUSDT,2245.19,0.002,SELL,True
2907523368,2026-04-11T09:18:10.061000,1775899090061,ETHUSDT,2245.2,19.965,BUY,False
2907523369,2026-04-11T09:18:10.176000,1775899090176,ETHUSDT,2245.2,0.133,BUY,False
2907523370,2026-04-11T09:18:10.194000,1775899090194,ETHUSDT,2245.19,0.815,SELL,True
2907523371,2026-04-11T09:18:10.296000,1775899090296,ETHUSDT,2245.19,0.018,SELL,True
2907523372,2026-04-11T09:18:10.325000,1775899090325,ETHUSDT,2245.2,2.226,BUY,False
2907523373,2026-04-11T09:18:10.337000,1775899090337,ETHUSDT,2245.19,2.236,SELL,True
2907523374,2026-04-11T09:18:10.347000,1775899090347,ETHUSDT,2245.2,0.634,BUY,False
2907523375,2026-04-11T09:18:10.442000,1775899090442,ETHUSDT,2245.19,0.42,SELL,True
2907523376,2026-04-11T09:18:10.546000,1775899090546,ETHUSDT,2245.19,0.882,SELL,True
2907523377,2026-04-11T09:18:10.580000,1775899090580,ETHUSDT,2245.18,4.057,SELL,True
2907523378,2026-04-11T09:18:10.685000,1775899090685,ETHUSDT,2245.18,0.014,SELL,True
2907523379,2026-04-11T09:18:10.705000,1775899090705,ETHUSDT,2245.19,3.0,BUY,False
2907523380,2026-04-11T09:18:10.716000,1775899090716,ETHUSDT,2245.18,0.376,SELL,True
2907523381,2026-04-11T09:18:10.783000,1775899090783,ETHUSDT,2245.17,0.242,SELL,True
2907523382,2026-04-11T09:18:10.783000,1775899090783,ETHUSDT,2245.16,0.021,SELL,True
2907523383,2026-04-11T09:18:10.786000,1775899090786,ETHUSDT,2245.15,3.622,SELL,True
2907523384,2026-04-11T09:18:10.929000,1775899090929,ETHUSDT,2245.16,0.672,BUY,False
2907523385,2026-04-11T09:18:11.075000,1775899091075,ETHUSDT,2245.16,0.064,BUY,False
2907523386,2026-04-11T09:18:11.178000,1775899091178,ETHUSDT,2245.15,0.153,SELL,True
2907523387,2026-04-11T09:18:11.324000,1775899091324,ETHUSDT,2245.15,0.655,SELL,True
2907523388,2026-04-11T09:18:11.432000,1775899091432,ETHUSDT,2245.15,13.149,SELL,True
2907523389,2026-04-11T09:18:11.537000,1775899091537,ETHUSDT,2245.15,0.914,SELL,True
2907523390,2026-04-11T09:18:11.669000,1775899091669,ETHUSDT,2245.15,15.417,SELL,True
2907523391,2026-04-11T09:18:11.813000,1775899091813,ETHUSDT,2245.16,0.82,BUY,False
2907523392,2026-04-11T09:18:11.818000,1775899091818,ETHUSDT,2245.15,9.014,SELL,True
2907523393,2026-04-11T09:18:11.818000,1775899091818,ETHUSDT,2245.14,6.976,SELL,True
2907523394,2026-04-11T09:18:11.818000,1775899091818,ETHUSDT,2245.13,0.252,SELL,True
2907523395,2026-04-11T09:18:11.818000,1775899091818,ETHUSDT,2245.12,0.011,SELL,True
2907523396,2026-04-11T09:18:11.818000,1775899091818,ETHUSDT,2245.11,0.351,SELL,True
2907523397,2026-04-11T09:18:11.818000,1775899091818,ETHUSDT,2245.1,1.369,SELL,True
2907523398,2026-04-11T09:18:11.818000,1775899091818,ETHUSDT,2245.09,0.012,SELL,True
2907523399,2026-04-11T09:18:11.818000,1775899091818,ETHUSDT,2245.08,0.001,SELL,True
2907523400,2026-04-11T09:18:11.818000,1775899091818,ETHUSDT,2245.07,0.112,SELL,True
2907523401,2026-04-11T09:18:11.818000,1775899091818,ETHUSDT,2245.06,7.204,SELL,True
2907523402,2026-04-11T09:18:11.818000,1775899091818,ETHUSDT,2245.05,5.635,SELL,True
2907523403,2026-04-11T09:18:11.818000,1775899091818,ETHUSDT,2245.04,8.633,SELL,True
2907523404,2026-04-11T09:18:11.818000,1775899091818,ETHUSDT,2245.03,5.293,SELL,True
2907523405,2026-04-11T09:18:11.819000,1775899091819,ETHUSDT,2245.02,0.91,SELL,True
2907523406,2026-04-11T09:18:11.819000,1775899091819,ETHUSDT,2245.01,8.116,SELL,True
2907523407,2026-04-11T09:18:11.889000,1775899091889,ETHUSDT,2245.02,2.697,BUY,False
2907523408,2026-04-11T09:18:11.891000,1775899091891,ETHUSDT,2245.01,0.011,SELL,True
2907523409,2026-04-11T09:18:11.909000,1775899091909,ETHUSDT,2245.02,2.0,BUY,False
2907523410,2026-04-11T09:18:11.945000,1775899091945,ETHUSDT,2245.01,0.905,SELL,True
2907523411,2026-04-11T09:18:12.037000,1775899092037,ETHUSDT,2245.02,3.632,BUY,False
2907523412,2026-04-11T09:18:12.039000,1775899092039,ETHUSDT,2245.01,0.574,SELL,True
2907523413,2026-04-11T09:18:12.185000,1775899092185,ETHUSDT,2245.01,13.453,SELL,True
2907523414,2026-04-11T09:18:12.285000,1775899092285,ETHUSDT,2245.02,12.341,BUY,False
2907523415,2026-04-11T09:18:12.318000,1775899092318,ETHUSDT,2245.01,0.158,SELL,True
2907523416,2026-04-11T09:18:12.324000,1775899092324,ETHUSDT,2245.02,1.175,BUY,False
2907523417,2026-04-11T09:18:12.397000,1775899092397,ETHUSDT,2245.01,0.798,SELL,True
2907523418,2026-04-11T09:18:12.488000,1775899092488,ETHUSDT,2245.02,3.0,BUY,False
2907523419,2026-04-11T09:18:12.546000,1775899092546,ETHUSDT,2245.01,0.323,SELL,True
2907523420,2026-04-11T09:18:12.695000,1775899092695,ETHUSDT,2245.01,0.146,SELL,True
2907523421,2026-04-11T09:18:12.702000,1775899092702,ETHUSDT,2245.02,0.06,BUY,False
2907523422,2026-04-11T09:18:12.814000,1775899092814,ETHUSDT,2245.02,0.097,BUY,False
2907523423,2026-04-11T09:18:12.994000,1775899092994,ETHUSDT,2245.02,0.06,BUY,False
2907523424,2026-04-11T09:18:13.003000,1775899093003,ETHUSDT,2245.01,1.081,SELL,True
2907523425,2026-04-11T09:18:13.036000,1775899093036,ETHUSDT,2245.02,0.699,BUY,False
2907523426,2026-04-11T09:18:13.121000,1775899093121,ETHUSDT,2245.01,23.792,SELL,True
2907523427,2026-04-11T09:18:13.229000,1775899093229,ETHUSDT,2245.02,9.688,BUY,False
2907523428,2026-04-11T09:18:13.276000,1775899093276,ETHUSDT,2245.01,0.1,SELL,True
2907523429,2026-04-11T09:18:13.285000,1775899093285,ETHUSDT,2245.02,0.084,BUY,False
2907523430,2026-04-11T09:18:13.286000,1775899093286,ETHUSDT,2245.01,1.0,SELL,True
2907523431,2026-04-11T09:18:13.289000,1775899093289,ETHUSDT,2245.02,0.252,BUY,False
2907523432,2026-04-11T09:18:13.321000,1775899093321,ETHUSDT,2245.01,12.489,SELL,True
2907523433,2026-04-11T09:18:13.349000,1775899093349,ETHUSDT,2245.02,0.166,BUY,False
2907523434,2026-04-11T09:18:13.398000,1775899093398,ETHUSDT,2245.01,0.774,SELL,True
2907523435,2026-04-11T09:18:13.452000,1775899093452,ETHUSDT,2245.02,6.831,BUY,False
2907523436,2026-04-11T09:18:13.477000,1775899093477,ETHUSDT,2245.01,1.231,SELL,True
2907523437,2026-04-11T09:18:13.539000,1775899093539,ETHUSDT,2245.02,4.422,BUY,False
2907523438,2026-04-11T09:18:13.620000,1775899093620,ETHUSDT,2245.01,2.155,SELL,True
2907523439,2026-04-11T09:18:13.742000,1775899093742,ETHUSDT,2245.02,0.015,BUY,False
2907523440,2026-04-11T09:18:13.760000,1775899093760,ETHUSDT,2245.01,1.576,SELL,True
2907523441,2026-04-11T09:18:13.891000,1775899093891,ETHUSDT,2245.01,14.652,SELL,True
2907523442,2026-04-11T09:18:13.998000,1775899093998,ETHUSDT,2245.01,0.051,SELL,True
2907523443,2026-04-11T09:18:14.018000,1775899094018,ETHUSDT,2245.02,23.407,BUY,False
2907523444,2026-04-11T09:18:14.018000,1775899094018,ETHUSDT,2245.03,45.458,BUY,False
2907523445,2026-04-11T09:18:14.018000,1775899094018,ETHUSDT,2245.04,0.031,BUY,False
2907523446,2026-04-11T09:18:14.018000,1775899094018,ETHUSDT,2245.05,0.32,BUY,False
2907523447,2026-04-11T09:18:14.018000,1775899094018,ETHUSDT,2245.06,0.02,BUY,False
2907523448,2026-04-11T09:18:14.018000,1775899094018,ETHUSDT,2245.07,0.039,BUY,False
2907523449,2026-04-11T09:18:14.018000,1775899094018,ETHUSDT,2245.08,0.011,BUY,False
2907523450,2026-04-11T09:18:14.018000,1775899094018,ETHUSDT,2245.09,0.018,BUY,False
2907523451,2026-04-11T09:18:14.018000,1775899094018,ETHUSDT,2245.1,0.04,BUY,False
2907523452,2026-04-11T09:18:14.018000,1775899094018,ETHUSDT,2245.11,0.03,BUY,False
2907523453,2026-04-11T09:18:14.018000,1775899094018,ETHUSDT,2245.12,0.011,BUY,False
2907523454,2026-04-11T09:18:14.018000,1775899094018,ETHUSDT,2245.13,0.029,BUY,False
2907523455,2026-04-11T09:18:14.018000,1775899094018,ETHUSDT,2245.15,5.021,BUY,False
2907523456,2026-04-11T09:18:14.018000,1775899094018,ETHUSDT,2245.16,13.526,BUY,False
2907523457,2026-04-11T09:18:14.018000,1775899094018,ETHUSDT,2245.17,4.07,BUY,False
2907523458,2026-04-11T09:18:14.018000,1775899094018,ETHUSDT,2245.18,0.009,BUY,False
2907523459,2026-04-11T09:18:14.018000,1775899094018,ETHUSDT,2245.19,0.971,BUY,False
2907523460,2026-04-11T09:18:14.018000,1775899094018,ETHUSDT,2245.2,4.205,BUY,False
2907523461,2026-04-11T09:18:14.019000,1775899094019,ETHUSDT,2245.21,3.563,BUY,False
2907523462,2026-04-11T09:18:14.019000,1775899094019,ETHUSDT,2245.22,15.062,BUY,False
2907523463,2026-04-11T09:18:14.019000,1775899094019,ETHUSDT,2245.23,48.528,BUY,False
2907523464,2026-04-11T09:18:14.019000,1775899094019,ETHUSDT,2245.24,0.127,BUY,False
2907523465,2026-04-11T09:18:14.019000,1775899094019,ETHUSDT,2245.25,0.109,BUY,False
2907523466,2026-04-11T09:18:14.019000,1775899094019,ETHUSDT,2245.26,2.515,BUY,False
2907523467,2026-04-11T09:18:14.019000,1775899094019,ETHUSDT,2245.27,5.702,BUY,False
2907523468,2026-04-11T09:18:14.019000,1775899094019,ETHUSDT,2245.28,0.02,BUY,False
2907523469,2026-04-11T09:18:14.019000,1775899094019,ETHUSDT,2245.29,0.127,BUY,False
2907523470,2026-04-11T09:18:14.019000,1775899094019,ETHUSDT,2245.3,0.61,BUY,False
2907523471,2026-04-11T09:18:14.019000,1775899094019,ETHUSDT,2245.31,2.714,BUY,False
2907523472,2026-04-11T09:18:14.022000,1775899094022,ETHUSDT,2245.26,0.011,BUY,False
2907523473,2026-04-11T09:18:14.022000,1775899094022,ETHUSDT,2245.29,0.011,BUY,False
2907523474,2026-04-11T09:18:14.022000,1775899094022,ETHUSDT,2245.32,0.994,BUY,False
2907523475,2026-04-11T09:18:14.022000,1775899094022,ETHUSDT,2245.33,1.572,BUY,False
2907523476,2026-04-11T09:18:14.022000,1775899094022,ETHUSDT,2245.34,24.568,BUY,False
2907523477,2026-04-11T09:18:14.023000,1775899094023,ETHUSDT,2245.35,0.041,BUY,False
2907523478,2026-04-11T09:18:14.023000,1775899094023,ETHUSDT,2245.36,3.218,BUY,False
2907523479,2026-04-11T09:18:14.023000,1775899094023,ETHUSDT,2245.37,0.103,BUY,False
2907523480,2026-04-11T09:18:14.023000,1775899094023,ETHUSDT,2245.38,0.038,BUY,False
2907523481,2026-04-11T09:18:14.023000,1775899094023,ETHUSDT,2245.39,2.307,BUY,False
2907523482,2026-04-11T09:18:14.023000,1775899094023,ETHUSDT,2245.4,0.565,BUY,False
2907523483,2026-04-11T09:18:14.023000,1775899094023,ETHUSDT,2245.41,0.71,BUY,False
2907523484,2026-04-11T09:18:14.023000,1775899094023,ETHUSDT,2245.42,0.464,BUY,False
2907523485,2026-04-11T09:18:14.024000,1775899094024,ETHUSDT,2245.41,0.009,SELL,True
2907523486,2026-04-11T09:18:14.024000,1775899094024,ETHUSDT,2245.42,0.294,BUY,False
2907523487,2026-04-11T09:18:14.024000,1775899094024,ETHUSDT,2245.43,0.729,BUY,False
2907523488,2026-04-11T09:18:14.024000,1775899094024,ETHUSDT,2245.44,20.431,BUY,False
2907523489,2026-04-11T09:18:14.093000,1775899094093,ETHUSDT,2245.45,0.1,BUY,False
2907523490,2026-04-11T09:18:14.117000,1775899094117,ETHUSDT,2245.44,8.607,SELL,True
2907523491,2026-04-11T09:18:14.293000,1775899094293,ETHUSDT,2245.44,21.84,SELL,True
2907523492,2026-04-11T09:18:14.380000,1775899094380,ETHUSDT,2245.45,4.109,BUY,False
2907523493,2026-04-11T09:18:14.548000,1775899094548,ETHUSDT,2245.45,2.727,BUY,False
2907523494,2026-04-11T09:18:14.663000,1775899094663,ETHUSDT,2245.44,1.742,SELL,True
2907523495,2026-04-11T09:18:14.878000,1775899094878,ETHUSDT,2245.44,0.668,SELL,True
2907523496,2026-04-11T09:18:14.972000,1775899094972,ETHUSDT,2245.45,1.447,BUY,False
2907523497,2026-04-11T09:18:15.164000,1775899095164,ETHUSDT,2245.45,1.059,BUY,False
2907523498,2026-04-11T09:18:15.164000,1775899095164,ETHUSDT,2245.46,0.011,BUY,False
2907523499,2026-04-11T09:18:15.164000,1775899095164,ETHUSDT,2245.47,0.003,BUY,False
2907523500,2026-04-11T09:18:15.164000,1775899095164,ETHUSDT,2245.48,0.022,BUY,False
2907523501,2026-04-11T09:18:15.167000,1775899095167,ETHUSDT,2245.48,2.092,SELL,True
2907523502,2026-04-11T09:18:15.287000,1775899095287,ETHUSDT,2245.48,17.337,SELL,True
2907523503,2026-04-11T09:18:15.417000,1775899095417,ETHUSDT,2245.49,0.067,BUY,False
2907523504,2026-04-11T09:18:15.441000,1775899095441,ETHUSDT,2245.48,0.089,SELL,True
2907523505,2026-04-11T09:18:15.862000,1775899095862,ETHUSDT,2245.49,0.013,BUY,False
2907523506,2026-04-11T09:18:15.876000,1775899095876,ETHUSDT,2245.48,0.106,SELL,True
2907523507,2026-04-11T09:18:15.906000,1775899095906,ETHUSDT,2245.49,13.479,BUY,False
2907523508,2026-04-11T09:18:15.948000,1775899095948,ETHUSDT,2245.48,20.753,SELL,True
2907523509,2026-04-11T09:18:16.108000,1775899096108,ETHUSDT,2245.48,0.546,SELL,True
2907523510,2026-04-11T09:18:16.189000,1775899096189,ETHUSDT,2245.49,0.313,BUY,False
2907523511,2026-04-11T09:18:16.259000,1775899096259,ETHUSDT,2245.48,6.299,SELL,True
2907523512,2026-04-11T09:18:16.314000,1775899096314,ETHUSDT,2245.49,1.0,BUY,False
2907523513,2026-04-11T09:18:16.341000,1775899096341,ETHUSDT,2245.48,0.01,SELL,True
2907523514,2026-04-11T09:18:16.473000,1775899096473,ETHUSDT,2245.48,0.17,SELL,True
2907523515,2026-04-11T09:18:16.594000,1775899096594,ETHUSDT,2245.49,1.586,BUY,False
2907523516,2026-04-11T09:18:16.834000,1775899096834,ETHUSDT,2245.48,0.085,SELL,True
2907523517,2026-04-11T09:18:17.081000,1775899097081,ETHUSDT,2245.48,0.814,SELL,True
2907523518,2026-04-11T09:18:17.218000,1775899097218,ETHUSDT,2245.48,0.288,SELL,True
2907523519,2026-04-11T09:18:17.343000,1775899097343,ETHUSDT,2245.48,1.056,SELL,True
2907523520,2026-04-11T09:18:17.396000,1775899097396,ETHUSDT,2245.49,14.275,BUY,False
2907523521,2026-04-11T09:18:17.597000,1775899097597,ETHUSDT,2245.48,3.809,SELL,True
2907523522,2026-04-11T09:18:17.660000,1775899097660,ETHUSDT,2245.49,2.226,BUY,False
2907523523,2026-04-11T09:18:17.661000,1775899097661,ETHUSDT,2245.48,0.187,SELL,True
2907523524,2026-04-11T09:18:17.684000,1775899097684,ETHUSDT,2245.49,1.023,BUY,False
2907523525,2026-04-11T09:18:17.790000,1775899097790,ETHUSDT,2245.48,0.578,SELL,True
2907523526,2026-04-11T09:18:17.920000,1775899097920,ETHUSDT,2245.48,1.026,SELL,True
2907523527,2026-04-11T09:18:18.110000,1775899098110,ETHUSDT,2245.49,0.034,BUY,False
2907523528,2026-04-11T09:18:18.113000,1775899098113,ETHUSDT,2245.48,0.581,SELL,True
2907523529,2026-04-11T09:18:18.138000,1775899098138,ETHUSDT,2245.49,1.791,BUY,False
2907523530,2026-04-11T09:18:18.142000,1775899098142,ETHUSDT,2245.48,0.089,SELL,True
2907523531,2026-04-11T09:18:18.175000,1775899098175,ETHUSDT,2245.49,0.074,BUY,False
2907523532,2026-04-11T09:18:18.248000,1775899098248,ETHUSDT,2245.48,0.006,SELL,True
2907523533,2026-04-11T09:18:18.370000,1775899098370,ETHUSDT,2245.48,4.164,SELL,True
2907523534,2026-04-11T09:18:18.424000,1775899098424,ETHUSDT,2245.49,3.035,BUY,False
2907523535,2026-04-11T09:18:18.555000,1775899098555,ETHUSDT,2245.49,18.95,BUY,False
2907523536,2026-04-11T09:18:18.571000,1775899098571,ETHUSDT,2245.48,12.712,SELL,True
2907523537,2026-04-11T09:18:18.781000,1775899098781,ETHUSDT,2245.48,1.441,SELL,True
2907523538,2026-04-11T09:18:18.896000,1775899098896,ETHUSDT,2245.49,0.703,BUY,False
2907523539,2026-04-11T09:18:19.094000,1775899099094,ETHUSDT,2245.49,17.15,BUY,False
2907523540,2026-04-11T09:18:19.166000,1775899099166,ETHUSDT,2245.48,1.781,SELL,True
2907523541,2026-04-11T09:18:19.272000,1775899099272,ETHUSDT,2245.48,0.106,SELL,True
2907523542,2026-04-11T09:18:19.412000,1775899099412,ETHUSDT,2245.48,2.693,SELL,True
2907523543,2026-04-11T09:18:19.611000,1775899099611,ETHUSDT,2245.49,97.298,BUY,False
2907523544,2026-04-11T09:18:19.798000,1775899099798,ETHUSDT,2245.48,1.027,SELL,True
2907523545,2026-04-11T09:18:19.826000,1775899099826,ETHUSDT,2245.49,4.094,BUY,False
2907523546,2026-04-11T09:18:19.840000,1775899099840,ETHUSDT,2245.48,0.014,SELL,True
2907523547,2026-04-11T09:18:19.855000,1775899099855,ETHUSDT,2245.49,1.75,BUY,False
2907523548,2026-04-11T09:18:19.938000,1775899099938,ETHUSDT,2245.48,1.454,SELL,True
2907523549,2026-04-11T09:18:20.131000,1775899100131,ETHUSDT,2245.48,0.434,SELL,True
2907523550,2026-04-11T09:18:20.174000,1775899100174,ETHUSDT,2245.49,0.494,BUY,False
2907523551,2026-04-11T09:18:20.178000,1775899100178,ETHUSDT,2245.48,1.113,SELL,True
2907523552,2026-04-11T09:18:20.186000,1775899100186,ETHUSDT,2245.49,0.133,BUY,False
2907523553,2026-04-11T09:18:20.287000,1775899100287,ETHUSDT,2245.49,0.391,BUY,False
2907523554,2026-04-11T09:18:20.357000,1775899100357,ETHUSDT,2245.48,0.097,SELL,True
2907523555,2026-04-11T09:18:20.477000,1775899100477,ETHUSDT,2245.49,17.429,BUY,False
2907523556,2026-04-11T09:18:20.513000,1775899100513,ETHUSDT,2245.48,0.35,SELL,True
2907523557,2026-04-11T09:18:20.559000,1775899100559,ETHUSDT,2245.49,0.04,BUY,False
2907523558,2026-04-11T09:18:20.610000,1775899100610,ETHUSDT,2245.48,2.824,SELL,True
2907523559,2026-04-11T09:18:20.747000,1775899100747,ETHUSDT,2245.49,0.097,BUY,False
2907523560,2026-04-11T09:18:20.786000,1775899100786,ETHUSDT,2245.48,6.788,SELL,True
2907523561,2026-04-11T09:18:20.925000,1775899100925,ETHUSDT,2245.48,275.83,SELL,True
2907523562,2026-04-11T09:18:20.933000,1775899100933,ETHUSDT,2245.47,0.052,SELL,True
2907523563,2026-04-11T09:18:20.933000,1775899100933,ETHUSDT,2245.46,0.01,SELL,True
2907523564,2026-04-11T09:18:20.934000,1775899100934,ETHUSDT,2245.45,5.018,SELL,True
2907523565,2026-04-11T09:18:20.936000,1775899100936,ETHUSDT,2245.45,17.85,BUY,False
2907523566,2026-04-11T09:18:20.936000,1775899100936,ETHUSDT,2245.44,0.081,SELL,True
2907523567,2026-04-11T09:18:20.936000,1775899100936,ETHUSDT,2245.43,0.047,SELL,True
2907523568,2026-04-11T09:18:20.936000,1775899100936,ETHUSDT,2245.42,0.284,SELL,True
2907523569,2026-04-11T09:18:20.936000,1775899100936,ETHUSDT,2245.41,0.04,SELL,True
2907523570,2026-04-11T09:18:20.936000,1775899100936,ETHUSDT,2245.4,0.344,SELL,True
2907523571,2026-04-11T09:18:20.936000,1775899100936,ETHUSDT,2245.39,7.176,SELL,True
2907523572,2026-04-11T09:18:20.936000,1775899100936,ETHUSDT,2245.38,0.022,SELL,True
2907523573,2026-04-11T09:18:20.936000,1775899100936,ETHUSDT,2245.37,1.809,SELL,True
2907523574,2026-04-11T09:18:20.940000,1775899100940,ETHUSDT,2245.36,2.289,SELL,True
2907523575,2026-04-11T09:18:20.943000,1775899100943,ETHUSDT,2245.35,0.021,SELL,True
2907523576,2026-04-11T09:18:20.943000,1775899100943,ETHUSDT,2245.34,0.072,SELL,True
2907523577,2026-04-11T09:18:20.943000,1775899100943,ETHUSDT,2245.33,0.067,SELL,True
2907523578,2026-04-11T09:18:20.943000,1775899100943,ETHUSDT,2245.32,0.053,SELL,True
2907523579,2026-04-11T09:18:20.943000,1775899100943,ETHUSDT,2245.31,0.011,SELL,True
2907523580,2026-04-11T09:18:20.943000,1775899100943,ETHUSDT,2245.3,0.011,SELL,True
2907523581,2026-04-11T09:18:20.943000,1775899100943,ETHUSDT,2245.29,0.01,SELL,True
2907523582,2026-04-11T09:18:20.943000,1775899100943,ETHUSDT,2245.28,0.002,SELL,True
2907523583,2026-04-11T09:18:20.943000,1775899100943,ETHUSDT,2245.27,0.012,SELL,True
2907523584,2026-04-11T09:18:20.943000,1775899100943,ETHUSDT,2245.26,2.707,SELL,True
2907523585,2026-04-11T09:18:20.943000,1775899100943,ETHUSDT,2245.25,0.029,SELL,True
2907523586,2026-04-11T09:18:20.943000,1775899100943,ETHUSDT,2245.24,0.001,SELL,True
2907523587,2026-04-11T09:18:20.943000,1775899100943,ETHUSDT,2245.23,0.377,SELL,True
2907523588,2026-04-11T09:18:20.943000,1775899100943,ETHUSDT,2245.22,0.032,SELL,True
2907523589,2026-04-11T09:18:20.943000,1775899100943,ETHUSDT,2245.21,0.122,SELL,True
2907523590,2026-04-11T09:18:20.943000,1775899100943,ETHUSDT,2245.2,0.079,SELL,True
2907523591,2026-04-11T09:18:20.943000,1775899100943,ETHUSDT,2245.19,4.617,SELL,True
2907523592,2026-04-11T09:18:21.008000,1775899101008,ETHUSDT,2245.2,1.0,BUY,False
2907523593,2026-04-11T09:18:21.052000,1775899101052,ETHUSDT,2245.19,0.3,SELL,True
2907523594,2026-04-11T09:18:21.188000,1775899101188,ETHUSDT,2245.19,0.167,SELL,True
2907523595,2026-04-11T09:18:21.235000,1775899101235,ETHUSDT,2245.2,2.829,BUY,False
2907523596,2026-04-11T09:18:21.287000,1775899101287,ETHUSDT,2245.19,8.245,SELL,True
2907523597,2026-04-11T09:18:21.557000,1775899101557,ETHUSDT,2245.19,0.051,SELL,True
2907523598,2026-04-11T09:18:21.622000,1775899101622,ETHUSDT,2245.2,2.032,BUY,False
2907523599,2026-04-11T09:18:21.706000,1775899101706,ETHUSDT,2245.19,7.351,SELL,True
2907523600,2026-04-11T09:18:21.848000,1775899101848,ETHUSDT,2245.2,6.855,BUY,False
2907523601,2026-04-11T09:18:22.093000,1775899102093,ETHUSDT,2245.19,1.489,SELL,True
2907523602,2026-04-11T09:18:22.141000,1775899102141,ETHUSDT,2245.2,2.266,BUY,False
2907523603,2026-04-11T09:18:22.150000,1775899102150,ETHUSDT,2245.19,1.0,SELL,True
2907523604,2026-04-11T09:18:22.191000,1775899102191,ETHUSDT,2245.2,0.1,BUY,False
2907523605,2026-04-11T09:18:22.220000,1775899102220,ETHUSDT,2245.19,10.0,SELL,True
2907523606,2026-04-11T09:18:22.228000,1775899102228,ETHUSDT,2245.2,2.422,BUY,False
2907523607,2026-04-11T09:18:22.309000,1775899102309,ETHUSDT,2245.19,0.268,SELL,True
2907523608,2026-04-11T09:18:22.420000,1775899102420,ETHUSDT,2245.19,2.191,SELL,True
2907523609,2026-04-11T09:18:22.509000,1775899102509,ETHUSDT,2245.2,2.963,BUY,False
2907523610,2026-04-11T09:18:22.645000,1775899102645,ETHUSDT,2245.2,0.069,BUY,False
2907523611,2026-04-11T09:18:22.689000,1775899102689,ETHUSDT,2245.19,0.185,SELL,True
2907523612,2026-04-11T09:18:22.825000,1775899102825,ETHUSDT,2245.19,0.014,SELL,True
2907523613,2026-04-11T09:18:22.951000,1775899102951,ETHUSDT,2245.2,4.608,BUY,False
2907523614,2026-04-11T09:18:23.124000,1775899103124,ETHUSDT,2245.2,0.384,BUY,False
2907523615,2026-04-11T09:18:23.249000,1775899103249,ETHUSDT,2245.19,0.1,SELL,True
2907523616,2026-04-11T09:18:23.320000,1775899103320,ETHUSDT,2245.2,18.139,BUY,False
2907523617,2026-04-11T09:18:23.389000,1775899103389,ETHUSDT,2245.21,0.053,BUY,False
2907523618,2026-04-11T09:18:23.389000,1775899103389,ETHUSDT,2245.23,0.01,BUY,False
2907523619,2026-04-11T09:18:23.389000,1775899103389,ETHUSDT,2245.24,1.373,BUY,False
2907523620,2026-04-11T09:18:23.389000,1775899103389,ETHUSDT,2245.25,0.03,BUY,False
2907523621,2026-04-11T09:18:23.390000,1775899103390,ETHUSDT,2245.26,0.001,BUY,False
2907523622,2026-04-11T09:18:23.392000,1775899103392,ETHUSDT,2245.27,0.019,BUY,False
2907523623,2026-04-11T09:18:23.392000,1775899103392,ETHUSDT,2245.28,0.011,BUY,False
2907523624,2026-04-11T09:18:23.392000,1775899103392,ETHUSDT,2245.29,0.012,BUY,False
2907523625,2026-04-11T09:18:23.392000,1775899103392,ETHUSDT,2245.3,0.012,BUY,False
2907523626,2026-04-11T09:18:23.392000,1775899103392,ETHUSDT,2245.31,0.02,BUY,False
2907523627,2026-04-11T09:18:23.392000,1775899103392,ETHUSDT,2245.32,0.559,BUY,False
2907523628,2026-04-11T09:18:23.392000,1775899103392,ETHUSDT,2245.33,0.002,BUY,False
2907523629,2026-04-11T09:18:23.396000,1775899103396,ETHUSDT,2245.34,0.2,BUY,False
2907523630,2026-04-11T09:18:23.419000,1775899103419,ETHUSDT,2245.33,1.272,SELL,True
2907523631,2026-04-11T09:18:23.428000,1775899103428,ETHUSDT,2245.34,0.462,BUY,False
2907523632,2026-04-11T09:18:23.428000,1775899103428,ETHUSDT,2245.35,0.03,BUY,False
2907523633,2026-04-11T09:18:23.484000,1775899103484,ETHUSDT,2245.35,0.659,SELL,True
2907523634,2026-04-11T09:18:23.493000,1775899103493,ETHUSDT,2245.36,0.008,BUY,False
2907523635,2026-04-11T09:18:23.498000,1775899103498,ETHUSDT,2245.35,1.798,SELL,True
2907523636,2026-04-11T09:18:23.602000,1775899103602,ETHUSDT,2245.35,0.2,SELL,True
2907523637,2026-04-11T09:18:23.623000,1775899103623,ETHUSDT,2245.36,0.749,BUY,False
2907523638,2026-04-11T09:18:23.623000,1775899103623,ETHUSDT,2245.37,0.047,BUY,False
2907523639,2026-04-11T09:18:23.623000,1775899103623,ETHUSDT,2245.38,1.743,BUY,False
2907523640,2026-04-11T09:18:23.623000,1775899103623,ETHUSDT,2245.39,0.014,BUY,False
2907523641,2026-04-11T09:18:23.623000,1775899103623,ETHUSDT,2245.4,0.01,BUY,False
2907523642,2026-04-11T09:18:23.623000,1775899103623,ETHUSDT,2245.41,0.001,BUY,False
2907523643,2026-04-11T09:18:23.623000,1775899103623,ETHUSDT,2245.42,0.01,BUY,False
2907523644,2026-04-11T09:18:23.627000,1775899103627,ETHUSDT,2245.43,0.099,BUY,False
2907523645,2026-04-11T09:18:23.727000,1775899103727,ETHUSDT,2245.44,0.05,SELL,True
2907523646,2026-04-11T09:18:23.762000,1775899103762,ETHUSDT,2245.45,1.476,BUY,False
2907523647,2026-04-11T09:18:23.810000,1775899103810,ETHUSDT,2245.46,0.056,BUY,False
2907523648,2026-04-11T09:18:23.810000,1775899103810,ETHUSDT,2245.47,0.02,BUY,False
2907523649,2026-04-11T09:18:23.956000,1775899103956,ETHUSDT,2245.47,0.719,SELL,True
2907523650,2026-04-11T09:18:24.120000,1775899104120,ETHUSDT,2245.47,0.473,SELL,True
2907523651,2026-04-11T09:18:24.190000,1775899104190,ETHUSDT,2245.48,0.011,BUY,False
2907523652,2026-04-11T09:18:24.252000,1775899104252,ETHUSDT,2245.47,9.759,SELL,True
2907523653,2026-04-11T09:18:24.367000,1775899104367,ETHUSDT,2245.47,0.015,SELL,True
2907523654,2026-04-11T09:18:24.442000,1775899104442,ETHUSDT,2245.48,50.187,BUY,False
2907523655,2026-04-11T09:18:24.454000,1775899104454,ETHUSDT,2245.49,0.188,BUY,False
2907523656,2026-04-11T09:18:24.473000,1775899104473,ETHUSDT,2245.48,1.133,SELL,True
2907523657,2026-04-11T09:18:24.519000,1775899104519,ETHUSDT,2245.49,0.3,BUY,False
2907523658,2026-04-11T09:18:24.539000,1775899104539,ETHUSDT,2245.48,0.89,SELL,True
2907523659,2026-04-11T09:18:24.617000,1775899104617,ETHUSDT,2245.49,0.31,BUY,False
2907523660,2026-04-11T09:18:24.619000,1775899104619,ETHUSDT,2245.51,0.27,BUY,False
2907523661,2026-04-11T09:18:24.619000,1775899104619,ETHUSDT,2245.52,0.272,BUY,False
2907523662,2026-04-11T09:18:24.619000,1775899104619,ETHUSDT,2245.53,0.037,BUY,False
2907523663,2026-04-11T09:18:24.619000,1775899104619,ETHUSDT,2245.54,0.047,BUY,False
2907523664,2026-04-11T09:18:24.676000,1775899104676,ETHUSDT,2245.55,0.065,BUY,False
2907523665,2026-04-11T09:18:24.736000,1775899104736,ETHUSDT,2245.54,0.232,SELL,True
2907523666,2026-04-11T09:18:24.738000,1775899104738,ETHUSDT,2245.55,0.618,BUY,False
2907523667,2026-04-11T09:18:24.881000,1775899104881,ETHUSDT,2245.54,0.132,SELL,True
2907523668,2026-04-11T09:18:24.885000,1775899104885,ETHUSDT,2245.55,5.0,BUY,False
2907523669,2026-04-11T09:18:24.897000,1775899104897,ETHUSDT,2245.54,0.134,SELL,True
2907523670,2026-04-11T09:18:25.127000,1775899105127,ETHUSDT,2245.54,0.628,SELL,True
2907523671,2026-04-11T09:18:25.296000,1775899105296,ETHUSDT,2245.54,0.135,SELL,True
2907523672,2026-04-11T09:18:25.353000,1775899105353,ETHUSDT,2245.55,0.783,BUY,False
2907523673,2026-04-11T09:18:25.398000,1775899105398,ETHUSDT,2245.54,0.078,SELL,True
2907523674,2026-04-11T09:18:25.629000,1775899105629,ETHUSDT,2245.54,1.012,SELL,True
2907523675,2026-04-11T09:18:25.779000,1775899105779,ETHUSDT,2245.54,0.459,SELL,True
2907523676,2026-04-11T09:18:25.885000,1775899105885,ETHUSDT,2245.55,0.233,BUY,False
2907523677,2026-04-11T09:18:25.890000,1775899105890,ETHUSDT,2245.54,0.597,SELL,True
2907523678,2026-04-11T09:18:26.032000,1775899106032,ETHUSDT,2245.54,4.446,SELL,True
2907523679,2026-04-11T09:18:26.096000,1775899106096,ETHUSDT,2245.55,62.162,BUY,False
2907523680,2026-04-11T09:18:26.177000,1775899106177,ETHUSDT,2245.55,0.116,SELL,True
2907523681,2026-04-11T09:18:26.184000,1775899106184,ETHUSDT,2245.56,1.0,BUY,False
2907523682,2026-04-11T09:18:26.199000,1775899106199,ETHUSDT,2245.55,123.04,SELL,True
2907523683,2026-04-11T09:18:26.232000,1775899106232,ETHUSDT,2245.56,0.179,BUY,False
2907523684,2026-04-11T09:18:26.233000,1775899106233,ETHUSDT,2245.55,72.224,SELL,True
2907523685,2026-04-11T09:18:26.326000,1775899106326,ETHUSDT,2245.56,2.012,BUY,False
2907523686,2026-04-11T09:18:26.399000,1775899106399,ETHUSDT,2245.55,0.167,SELL,True
2907523687,2026-04-11T09:18:26.558000,1775899106558,ETHUSDT,2245.55,10.113,SELL,True
2907523688,2026-04-11T09:18:26.692000,1775899106692,ETHUSDT,2245.56,6.468,BUY,False
2907523689,2026-04-11T09:18:26.749000,1775899106749,ETHUSDT,2245.55,4.559,SELL,True
2907523690,2026-04-11T09:18:26.862000,1775899106862,ETHUSDT,2245.55,0.252,SELL,True
2907523691,2026-04-11T09:18:27.265000,1775899107265,ETHUSDT,2245.55,0.321,SELL,True
2907523692,2026-04-11T09:18:27.385000,1775899107385,ETHUSDT,2245.55,0.008,SELL,True
2907523693,2026-04-11T09:18:27.427000,1775899107427,ETHUSDT,2245.56,0.05,BUY,False
2907523694,2026-04-11T09:18:27.440000,1775899107440,ETHUSDT,2245.55,0.015,SELL,True
2907523695,2026-04-11T09:18:27.604000,1775899107604,ETHUSDT,2245.55,0.155,SELL,True
2907523696,2026-04-11T09:18:27.687000,1775899107687,ETHUSDT,2245.56,0.082,BUY,False
2907523697,2026-04-11T09:18:27.723000,1775899107723,ETHUSDT,2245.55,0.009,SELL,True
2907523698,2026-04-11T09:18:27.839000,1775899107839,ETHUSDT,2245.55,12.467,SELL,True
2907523699,2026-04-11T09:18:27.985000,1775899107985,ETHUSDT,2245.55,0.012,SELL,True
2907523700,2026-04-11T09:18:28.056000,1775899108056,ETHUSDT,2245.56,1.084,BUY,False
2907523701,2026-04-11T09:18:28.225000,1775899108225,ETHUSDT,2245.56,7.033,BUY,False
2907523702,2026-04-11T09:18:28.280000,1775899108280,ETHUSDT,2245.55,0.641,SELL,True
2907523703,2026-04-11T09:18:28.431000,1775899108431,ETHUSDT,2245.55,0.288,SELL,True
2907523704,2026-04-11T09:18:28.546000,1775899108546,ETHUSDT,2245.56,3.071,BUY,False
2907523705,2026-04-11T09:18:28.609000,1775899108609,ETHUSDT,2245.55,22.781,SELL,True
2907523706,2026-04-11T09:18:28.650000,1775899108650,ETHUSDT,2245.56,2.226,BUY,False
2907523707,2026-04-11T09:18:28.704000,1775899108704,ETHUSDT,2245.55,0.157,SELL,True
2907523708,2026-04-11T09:18:28.792000,1775899108792,ETHUSDT,2245.56,0.024,BUY,False
2907523709,2026-04-11T09:18:28.919000,1775899108919,ETHUSDT,2245.55,4.411,SELL,True
2907523710,2026-04-11T09:18:29.161000,1775899109161,ETHUSDT,2245.55,3.598,SELL,True
2907523711,2026-04-11T09:18:29.197000,1775899109197,ETHUSDT,2245.56,0.047,BUY,False
2907523712,2026-04-11T09:18:29.269000,1775899109269,ETHUSDT,2245.55,6.622,SELL,True
2907523713,2026-04-11T09:18:29.433000,1775899109433,ETHUSDT,2245.55,0.001,SELL,True
2907523714,2026-04-11T09:18:29.544000,1775899109544,ETHUSDT,2245.55,6.982,SELL,True
2907523715,2026-04-11T09:18:29.673000,1775899109673,ETHUSDT,2245.55,0.843,SELL,True
2907523716,2026-04-11T09:18:29.814000,1775899109814,ETHUSDT,2245.56,1.727,BUY,False
2907523717,2026-04-11T09:18:29.851000,1775899109851,ETHUSDT,2245.55,0.014,SELL,True
2907523718,2026-04-11T09:18:30.028000,1775899110028,ETHUSDT,2245.55,0.022,SELL,True
2907523719,2026-04-11T09:18:30.113000,1775899110113,ETHUSDT,2245.56,6.695,BUY,False
2907523720,2026-04-11T09:18:30.235000,1775899110235,ETHUSDT,2245.55,0.388,SELL,True
2907523721,2026-04-11T09:18:30.383000,1775899110383,ETHUSDT,2245.55,49.02,SELL,True
2907523722,2026-04-11T09:18:30.621000,1775899110621,ETHUSDT,2245.56,0.245,BUY,False
2907523723,2026-04-11T09:18:30.667000,1775899110667,ETHUSDT,2245.55,0.095,SELL,True
2907523724,2026-04-11T09:18:31.057000,1775899111057,ETHUSDT,2245.55,19.505,SELL,True
2907523725,2026-04-11T09:18:31.120000,1775899111120,ETHUSDT,2245.56,18.162,BUY,False
2907523726,2026-04-11T09:18:31.223000,1775899111223,ETHUSDT,2245.55,1.314,SELL,True
2907523727,2026-04-11T09:18:31.251000,1775899111251,ETHUSDT,2245.56,0.044,BUY,False
2907523728,2026-04-11T09:18:31.319000,1775899111319,ETHUSDT,2245.55,0.008,SELL,True
2907523729,2026-04-11T09:18:31.452000,1775899111452,ETHUSDT,2245.56,1.0,BUY,False
2907523730,2026-04-11T09:18:31.514000,1775899111514,ETHUSDT,2245.55,0.491,SELL,True
2907523731,2026-04-11T09:18:31.667000,1775899111667,ETHUSDT,2245.55,0.257,SELL,True
2907523732,2026-04-11T09:18:31.774000,1775899111774,ETHUSDT,2245.56,1.0,BUY,False
2907523733,2026-04-11T09:18:31.904000,1775899111904,ETHUSDT,2245.55,0.424,SELL,True
2907523734,2026-04-11T09:18:32.008000,1775899112008,ETHUSDT,2245.55,15.252,SELL,True
2907523735,2026-04-11T09:18:32.116000,1775899112116,ETHUSDT,2245.56,3.0,BUY,False
2907523736,2026-04-11T09:18:32.137000,1775899112137,ETHUSDT,2245.55,5.584,SELL,True
2907523737,2026-04-11T09:18:32.319000,1775899112319,ETHUSDT,2245.56,0.012,BUY,False
2907523738,2026-04-11T09:18:32.478000,1775899112478,ETHUSDT,2245.55,0.382,SELL,True
2907523739,2026-04-11T09:18:32.499000,1775899112499,ETHUSDT,2245.56,9.485,BUY,False
2907523740,2026-04-11T09:18:32.665000,1775899112665,ETHUSDT,2245.55,0.031,SELL,True
2907523741,2026-04-11T09:18:32.672000,1775899112672,ETHUSDT,2245.56,0.14,BUY,False
2907523742,2026-04-11T09:18:32.700000,1775899112700,ETHUSDT,2245.55,0.89,SELL,True
2907523743,2026-04-11T09:18:32.731000,1775899112731,ETHUSDT,2245.56,5.0,BUY,False
2907523744,2026-04-11T09:18:32.744000,1775899112744,ETHUSDT,2245.55,5.472,SELL,True
2907523745,2026-04-11T09:18:32.866000,1775899112866,ETHUSDT,2245.56,0.01,BUY,False
2907523746,2026-04-11T09:18:32.891000,1775899112891,ETHUSDT,2245.55,0.019,SELL,True
2907523747,2026-04-11T09:18:32.924000,1775899112924,ETHUSDT,2245.56,0.018,BUY,False
2907523748,2026-04-11T09:18:32.993000,1775899112993,ETHUSDT,2245.55,0.009,SELL,True
2907523749,2026-04-11T09:18:33.189000,1775899113189,ETHUSDT,2245.55,0.326,SELL,True
2907523750,2026-04-11T09:18:33.201000,1775899113201,ETHUSDT,2245.56,8.495,BUY,False
2907523751,2026-04-11T09:18:33.269000,1775899113269,ETHUSDT,2245.55,1.722,SELL,True
2907523752,2026-04-11T09:18:33.338000,1775899113338,ETHUSDT,2245.56,0.161,BUY,False
2907523753,2026-04-11T09:18:33.506000,1775899113506,ETHUSDT,2245.55,7.846,SELL,True
2907523754,2026-04-11T09:18:33.610000,1775899113610,ETHUSDT,2245.55,0.018,SELL,True
2907523755,2026-04-11T09:18:33.776000,1775899113776,ETHUSDT,2245.56,0.01,BUY,False
2907523756,2026-04-11T09:18:33.890000,1775899113890,ETHUSDT,2245.55,4.461,SELL,True
2907523757,2026-04-11T09:18:34.074000,1775899114074,ETHUSDT,2245.55,2.882,SELL,True
2907523758,2026-04-11T09:18:34.210000,1775899114210,ETHUSDT,2245.55,8.803,SELL,True
2907523759,2026-04-11T09:18:34.304000,1775899114304,ETHUSDT,2245.56,0.291,BUY,False
2907523760,2026-04-11T09:18:34.311000,1775899114311,ETHUSDT,2245.55,0.5,SELL,True
2907523761,2026-04-11T09:18:34.322000,1775899114322,ETHUSDT,2245.56,1.5,BUY,False
2907523762,2026-04-11T09:18:34.395000,1775899114395,ETHUSDT,2245.55,30.011,SELL,True
2907523763,2026-04-11T09:18:34.528000,1775899114528,ETHUSDT,2245.55,6.67,SELL,True
2907523764,2026-04-11T09:18:34.642000,1775899114642,ETHUSDT,2245.55,5.228,SELL,True
2907523765,2026-04-11T09:18:34.786000,1775899114786,ETHUSDT,2245.55,0.095,SELL,True
2907523766,2026-04-11T09:18:34.968000,1775899114968,ETHUSDT,2245.55,24.861,SELL,True
2907523767,2026-04-11T09:18:34.998000,1775899114998,ETHUSDT,2245.56,0.4,BUY,False
2907523768,2026-04-11T09:18:35.004000,1775899115004,ETHUSDT,2245.55,3.12,SELL,True
2907523769,2026-04-11T09:18:35.286000,1775899115286,ETHUSDT,2245.55,68.802,SELL,True
2907523770,2026-04-11T09:18:35.289000,1775899115289,ETHUSDT,2245.54,11.423,SELL,True
2907523771,2026-04-11T09:18:35.290000,1775899115290,ETHUSDT,2245.53,1.799,SELL,True
2907523772,2026-04-11T09:18:35.290000,1775899115290,ETHUSDT,2245.52,0.232,SELL,True
2907523773,2026-04-11T09:18:35.290000,1775899115290,ETHUSDT,2245.51,0.021,SELL,True
2907523774,2026-04-11T09:18:35.290000,1775899115290,ETHUSDT,2245.5,0.333,SELL,True
2907523775,2026-04-11T09:18:35.294000,1775899115294,ETHUSDT,2245.49,0.018,SELL,True
2907523776,2026-04-11T09:18:35.294000,1775899115294,ETHUSDT,2245.48,0.127,SELL,True
2907523777,2026-04-11T09:18:35.294000,1775899115294,ETHUSDT,2245.47,0.019,SELL,True
2907523778,2026-04-11T09:18:35.294000,1775899115294,ETHUSDT,2245.46,0.002,SELL,True
2907523779,2026-04-11T09:18:35.347000,1775899115347,ETHUSDT,2245.45,1.0,SELL,True
2907523780,2026-04-11T09:18:35.529000,1775899115529,ETHUSDT,2245.45,0.001,SELL,True
2907523781,2026-04-11T09:18:35.694000,1775899115694,ETHUSDT,2245.45,9.183,SELL,True
2907523782,2026-04-11T09:18:35.707000,1775899115707,ETHUSDT,2245.44,1.355,SELL,True
2907523783,2026-04-11T09:18:35.709000,1775899115709,ETHUSDT,2245.43,0.242,SELL,True
2907523784,2026-04-11T09:18:35.709000,1775899115709,ETHUSDT,2245.42,0.011,SELL,True
2907523785,2026-04-11T09:18:35.709000,1775899115709,ETHUSDT,2245.41,0.335,SELL,True
2907523786,2026-04-11T09:18:35.709000,1775899115709,ETHUSDT,2245.4,0.022,SELL,True
2907523787,2026-04-11T09:18:35.712000,1775899115712,ETHUSDT,2245.37,0.032,SELL,True
2907523788,2026-04-11T09:18:35.765000,1775899115765,ETHUSDT,2245.36,0.027,SELL,True
2907523789,2026-04-11T09:18:35.765000,1775899115765,ETHUSDT,2245.35,0.048,SELL,True
2907523790,2026-04-11T09:18:35.765000,1775899115765,ETHUSDT,2245.34,0.012,SELL,True
2907523791,2026-04-11T09:18:35.765000,1775899115765,ETHUSDT,2245.33,0.001,SELL,True
2907523792,2026-04-11T09:18:35.765000,1775899115765,ETHUSDT,2245.32,0.01,SELL,True
2907523793,2026-04-11T09:18:35.765000,1775899115765,ETHUSDT,2245.31,0.021,SELL,True
2907523794,2026-04-11T09:18:35.765000,1775899115765,ETHUSDT,2245.3,0.035,SELL,True
2907523795,2026-04-11T09:18:35.765000,1775899115765,ETHUSDT,2245.29,0.211,SELL,True
2907523796,2026-04-11T09:18:35.765000,1775899115765,ETHUSDT,2245.28,0.001,SELL,True
2907523797,2026-04-11T09:18:35.765000,1775899115765,ETHUSDT,2245.27,0.001,SELL,True
2907523798,2026-04-11T09:18:35.765000,1775899115765,ETHUSDT,2245.26,0.035,SELL,True
2907523799,2026-04-11T09:18:35.765000,1775899115765,ETHUSDT,2245.25,0.021,SELL,True
2907523800,2026-04-11T09:18:35.765000,1775899115765,ETHUSDT,2245.24,0.029,SELL,True
2907523801,2026-04-11T09:18:35.765000,1775899115765,ETHUSDT,2245.23,0.002,SELL,True
2907523802,2026-04-11T09:18:35.765000,1775899115765,ETHUSDT,2245.22,0.056,SELL,True
2907523803,2026-04-11T09:18:35.765000,1775899115765,ETHUSDT,2245.21,0.058,SELL,True
2907523804,2026-04-11T09:18:35.777000,1775899115777,ETHUSDT,2245.21,65.977,BUY,False
2907523805,2026-04-11T09:18:35.827000,1775899115827,ETHUSDT,2245.2,0.06,SELL,True
2907523806,2026-04-11T09:18:35.991000,1775899115991,ETHUSDT,2245.2,0.01,SELL,True
2907523807,2026-04-11T09:18:35.998000,1775899115998,ETHUSDT,2245.21,9.932,BUY,False
2907523808,2026-04-11T09:18:35.998000,1775899115998,ETHUSDT,2245.22,0.009,BUY,False
2907523809,2026-04-11T09:18:36.001000,1775899116001,ETHUSDT,2245.24,0.011,BUY,False
2907523810,2026-04-11T09:18:36.001000,1775899116001,ETHUSDT,2245.26,0.019,BUY,False
2907523811,2026-04-11T09:18:36.001000,1775899116001,ETHUSDT,2245.27,0.012,BUY,False
2907523812,2026-04-11T09:18:36.001000,1775899116001,ETHUSDT,2245.28,0.018,BUY,False
2907523813,2026-04-11T09:18:36.001000,1775899116001,ETHUSDT,2245.29,0.011,BUY,False
2907523814,2026-04-11T09:18:36.001000,1775899116001,ETHUSDT,2245.3,0.012,BUY,False
2907523815,2026-04-11T09:18:36.001000,1775899116001,ETHUSDT,2245.31,0.002,BUY,False
2907523816,2026-04-11T09:18:36.001000,1775899116001,ETHUSDT,2245.32,0.261,BUY,False
2907523817,2026-04-11T09:18:36.001000,1775899116001,ETHUSDT,2245.33,0.001,BUY,False
2907523818,2026-04-11T09:18:36.004000,1775899116004,ETHUSDT,2245.35,37.564,BUY,False
2907523819,2026-04-11T09:18:36.010000,1775899116010,ETHUSDT,2245.36,0.009,BUY,False
2907523820,2026-04-11T09:18:36.010000,1775899116010,ETHUSDT,2245.37,5.554,BUY,False
2907523821,2026-04-11T09:18:36.104000,1775899116104,ETHUSDT,2245.36,0.014,SELL,True
2907523822,2026-04-11T09:18:36.171000,1775899116171,ETHUSDT,2245.37,0.894,BUY,False
2907523823,2026-04-11T09:18:36.231000,1775899116231,ETHUSDT,2245.36,19.801,SELL,True
2907523824,2026-04-11T09:18:36.417000,1775899116417,ETHUSDT,2245.36,2.271,SELL,True
2907523825,2026-04-11T09:18:36.421000,1775899116421,ETHUSDT,2245.35,0.072,SELL,True
2907523826,2026-04-11T09:18:36.423000,1775899116423,ETHUSDT,2245.34,0.338,SELL,True
2907523827,2026-04-11T09:18:36.510000,1775899116510,ETHUSDT,2245.33,0.029,SELL,True
2907523828,2026-04-11T09:18:36.512000,1775899116512,ETHUSDT,2245.32,0.333,SELL,True
2907523829,2026-04-11T09:18:36.512000,1775899116512,ETHUSDT,2245.31,0.029,SELL,True
2907523830,2026-04-11T09:18:36.512000,1775899116512,ETHUSDT,2245.3,0.001,SELL,True
2907523831,2026-04-11T09:18:36.512000,1775899116512,ETHUSDT,2245.29,0.018,SELL,True
2907523832,2026-04-11T09:18:36.512000,1775899116512,ETHUSDT,2245.28,0.013,SELL,True
2907523833,2026-04-11T09:18:36.524000,1775899116524,ETHUSDT,2245.27,0.299,SELL,True
2907523834,2026-04-11T09:18:36.558000,1775899116558,ETHUSDT,2245.28,0.033,BUY,False
2907523835,2026-04-11T09:18:36.649000,1775899116649,ETHUSDT,2245.27,0.16,SELL,True
2907523836,2026-04-11T09:18:36.665000,1775899116665,ETHUSDT,2245.26,0.04,SELL,True
2907523837,2026-04-11T09:18:36.665000,1775899116665,ETHUSDT,2245.25,0.028,SELL,True
2907523838,2026-04-11T09:18:36.665000,1775899116665,ETHUSDT,2245.24,0.013,SELL,True
2907523839,2026-04-11T09:18:36.665000,1775899116665,ETHUSDT,2245.23,0.026,SELL,True
2907523840,2026-04-11T09:18:36.665000,1775899116665,ETHUSDT,2245.22,0.02,SELL,True
2907523841,2026-04-11T09:18:36.848000,1775899116848,ETHUSDT,2245.22,0.013,BUY,False
2907523842,2026-04-11T09:18:36.849000,1775899116849,ETHUSDT,2245.21,0.78,SELL,True
2907523843,2026-04-11T09:18:36.917000,1775899116917,ETHUSDT,2245.2,1.095,SELL,True
2907523844,2026-04-11T09:18:37.134000,1775899117134,ETHUSDT,2245.2,9.361,SELL,True
2907523845,2026-04-11T09:18:37.244000,1775899117244,ETHUSDT,2245.21,92.339,BUY,False
2907523846,2026-04-11T09:18:37.362000,1775899117362,ETHUSDT,2245.2,0.043,SELL,True
2907523847,2026-04-11T09:18:37.534000,1775899117534,ETHUSDT,2245.21,0.137,BUY,False
2907523848,2026-04-11T09:18:37.569000,1775899117569,ETHUSDT,2245.2,5.632,SELL,True
2907523849,2026-04-11T09:18:37.821000,1775899117821,ETHUSDT,2245.2,10.209,SELL,True
2907523850,2026-04-11T09:18:38.041000,1775899118041,ETHUSDT,2245.21,2.349,BUY,False
2907523851,2026-04-11T09:18:38.068000,1775899118068,ETHUSDT,2245.2,0.879,SELL,True
2907523852,2026-04-11T09:18:38.260000,1775899118260,ETHUSDT,2245.2,9.266,SELL,True
2907523853,2026-04-11T09:18:38.328000,1775899118328,ETHUSDT,2245.21,1.83,BUY,False
2907523854,2026-04-11T09:18:38.347000,1775899118347,ETHUSDT,2245.2,0.016,SELL,True
2907523855,2026-04-11T09:18:38.461000,1775899118461,ETHUSDT,2245.2,1.174,SELL,True
2907523856,2026-04-11T09:18:38.569000,1775899118569,ETHUSDT,2245.21,50.0,BUY,False
2907523857,2026-04-11T09:18:38.620000,1775899118620,ETHUSDT,2245.2,13.952,SELL,True
2907523858,2026-04-11T09:18:38.737000,1775899118737,ETHUSDT,2245.2,1.499,SELL,True
2907523859,2026-04-11T09:18:38.930000,1775899118930,ETHUSDT,2245.21,1.005,BUY,False
2907523860,2026-04-11T09:18:39.134000,1775899119134,ETHUSDT,2245.2,3.824,SELL,True
2907523861,2026-04-11T09:18:39.190000,1775899119190,ETHUSDT,2245.21,1.47,BUY,False
2907523862,2026-04-11T09:18:39.295000,1775899119295,ETHUSDT,2245.21,6.822,BUY,False
2907523863,2026-04-11T09:18:39.354000,1775899119354,ETHUSDT,2245.2,0.054,SELL,True
2907523864,2026-04-11T09:18:39.489000,1775899119489,ETHUSDT,2245.2,0.162,SELL,True
2907523865,2026-04-11T09:18:39.585000,1775899119585,ETHUSDT,2245.21,0.666,BUY,False
2907523866,2026-04-11T09:18:39.787000,1775899119787,ETHUSDT,2245.21,0.023,BUY,False
2907523867,2026-04-11T09:18:39.817000,1775899119817,ETHUSDT,2245.2,0.132,SELL,True
2907523868,2026-04-11T09:18:39.988000,1775899119988,ETHUSDT,2245.2,0.085,SELL,True
2907523869,2026-04-11T09:18:40.106000,1775899120106,ETHUSDT,2245.21,0.111,BUY,False
2907523870,2026-04-11T09:18:40.150000,1775899120150,ETHUSDT,2245.2,23.579,SELL,True
2907523871,2026-04-11T09:18:40.240000,1775899120240,ETHUSDT,2245.19,0.387,SELL,True
2907523872,2026-04-11T09:18:40.240000,1775899120240,ETHUSDT,2245.18,7.685,SELL,True
2907523873,2026-04-11T09:18:40.240000,1775899120240,ETHUSDT,2245.17,0.333,SELL,True
2907523874,2026-04-11T09:18:40.240000,1775899120240,ETHUSDT,2245.16,0.032,SELL,True
2907523875,2026-04-11T09:18:40.240000,1775899120240,ETHUSDT,2245.15,0.159,SELL,True
2907523876,2026-04-11T09:18:40.240000,1775899120240,ETHUSDT,2245.14,1.803,SELL,True
2907523877,2026-04-11T09:18:40.240000,1775899120240,ETHUSDT,2245.13,0.078,SELL,True
2907523878,2026-04-11T09:18:40.240000,1775899120240,ETHUSDT,2245.12,0.04,SELL,True
2907523879,2026-04-11T09:18:40.240000,1775899120240,ETHUSDT,2245.11,8.464,SELL,True
2907523880,2026-04-11T09:18:40.260000,1775899120260,ETHUSDT,2245.12,0.179,BUY,False
2907523881,2026-04-11T09:18:40.348000,1775899120348,ETHUSDT,2245.11,7.082,SELL,True
2907523882,2026-04-11T09:18:40.557000,1775899120557,ETHUSDT,2245.11,0.36,SELL,True
2907523883,2026-04-11T09:18:40.659000,1775899120659,ETHUSDT,2245.11,0.069,SELL,True
2907523884,2026-04-11T09:18:40.783000,1775899120783,ETHUSDT,2245.11,0.024,SELL,True
2907523885,2026-04-11T09:18:40.950000,1775899120950,ETHUSDT,2245.12,0.337,BUY,False
2907523886,2026-04-11T09:18:41.128000,1775899121128,ETHUSDT,2245.11,17.066,SELL,True
2907523887,2026-04-11T09:18:41.203000,1775899121203,ETHUSDT,2245.1,0.057,SELL,True
2907523888,2026-04-11T09:18:41.203000,1775899121203,ETHUSDT,2245.09,0.249,SELL,True
2907523889,2026-04-11T09:18:41.203000,1775899121203,ETHUSDT,2245.08,0.013,SELL,True
2907523890,2026-04-11T09:18:41.203000,1775899121203,ETHUSDT,2245.07,10.689,SELL,True
2907523891,2026-04-11T09:18:41.203000,1775899121203,ETHUSDT,2245.06,2.563,SELL,True
2907523892,2026-04-11T09:18:41.203000,1775899121203,ETHUSDT,2245.05,2.319,SELL,True
2907523893,2026-04-11T09:18:41.203000,1775899121203,ETHUSDT,2245.04,0.012,SELL,True
2907523894,2026-04-11T09:18:41.203000,1775899121203,ETHUSDT,2245.03,2.915,SELL,True
2907523895,2026-04-11T09:18:41.338000,1775899121338,ETHUSDT,2245.04,0.44,BUY,False
2907523896,2026-04-11T09:18:41.346000,1775899121346,ETHUSDT,2245.03,0.329,SELL,True
2907523897,2026-04-11T09:18:41.362000,1775899121362,ETHUSDT,2245.04,0.01,BUY,False
2907523898,2026-04-11T09:18:41.537000,1775899121537,ETHUSDT,2245.03,8.117,SELL,True
2907523899,2026-04-11T09:18:41.538000,1775899121538,ETHUSDT,2245.02,0.02,SELL,True
2907523900,2026-04-11T09:18:41.538000,1775899121538,ETHUSDT,2245.01,0.728,SELL,True
2907523901,2026-04-11T09:18:41.545000,1775899121545,ETHUSDT,2245.0,8.774,SELL,True
2907523902,2026-04-11T09:18:41.673000,1775899121673,ETHUSDT,2245.01,1.781,BUY,False
2907523903,2026-04-11T09:18:41.704000,1775899121704,ETHUSDT,2245.0,0.03,SELL,True
2907523904,2026-04-11T09:18:41.730000,1775899121730,ETHUSDT,2245.01,0.194,BUY,False
2907523905,2026-04-11T09:18:41.739000,1775899121739,ETHUSDT,2245.0,0.229,SELL,True
2907523906,2026-04-11T09:18:41.957000,1775899121957,ETHUSDT,2245.0,0.356,SELL,True
2907523907,2026-04-11T09:18:42.167000,1775899122167,ETHUSDT,2245.0,6.346,SELL,True
2907523908,2026-04-11T09:18:42.272000,1775899122272,ETHUSDT,2245.0,8.125,SELL,True
2907523909,2026-04-11T09:18:42.374000,1775899122374,ETHUSDT,2245.01,0.267,BUY,False
2907523910,2026-04-11T09:18:42.407000,1775899122407,ETHUSDT,2245.0,1.928,SELL,True
2907523911,2026-04-11T09:18:42.475000,1775899122475,ETHUSDT,2245.01,116.163,BUY,False
2907523912,2026-04-11T09:18:42.475000,1775899122475,ETHUSDT,2245.02,0.034,BUY,False
2907523913,2026-04-11T09:18:42.475000,1775899122475,ETHUSDT,2245.03,0.01,BUY,False
2907523914,2026-04-11T09:18:42.475000,1775899122475,ETHUSDT,2245.04,0.576,BUY,False
2907523915,2026-04-11T09:18:42.475000,1775899122475,ETHUSDT,2245.05,0.012,BUY,False
2907523916,2026-04-11T09:18:42.475000,1775899122475,ETHUSDT,2245.06,0.039,BUY,False
2907523917,2026-04-11T09:18:42.475000,1775899122475,ETHUSDT,2245.07,1.783,BUY,False
2907523918,2026-04-11T09:18:42.475000,1775899122475,ETHUSDT,2245.08,0.011,BUY,False
2907523919,2026-04-11T09:18:42.475000,1775899122475,ETHUSDT,2245.09,0.719,BUY,False
2907523920,2026-04-11T09:18:42.475000,1775899122475,ETHUSDT,2245.1,4.685,BUY,False
2907523921,2026-04-11T09:18:42.475000,1775899122475,ETHUSDT,2245.11,0.049,BUY,False
2907523922,2026-04-11T09:18:42.475000,1775899122475,ETHUSDT,2245.12,9.289,BUY,False
2907523923,2026-04-11T09:18:42.711000,1775899122711,ETHUSDT,2245.11,50.0,SELL,True
2907523924,2026-04-11T09:18:42.872000,1775899122872,ETHUSDT,2245.11,0.002,SELL,True
2907523925,2026-04-11T09:18:43.016000,1775899123016,ETHUSDT,2245.11,0.198,SELL,True
